

<record>
  <leader>01016cam a2200301 a 4500</leader>
  <datafield tag="999" ind1=" " ind2=" ">
    <subfield code="c">4</subfield>
    <subfield code="d">4</subfield>
  </datafield>
  <controlfield tag="001">2434380</controlfield>
  <controlfield tag="003">OSt</controlfield>
  <controlfield tag="005">20161122072855.0</controlfield>
  <controlfield tag="008">880303s1987    ii       b    000 0 hino </controlfield>
  <datafield tag="010" ind1=" " ind2=" ">
    <subfield code="a">   87904401 </subfield>
  </datafield>
  <datafield tag="025" ind1=" " ind2=" ">
    <subfield code="a">I H 22496</subfield>
  </datafield>
  <datafield tag="040" ind1=" " ind2=" ">
    <subfield code="a">DLC</subfield>
    <subfield code="c">DLC</subfield>
    <subfield code="d">DLC</subfield>
  </datafield>
  <datafield tag="050" ind1="0" ind2="0">
    <subfield code="a">PK2098.S5355</subfield>
    <subfield code="b">Z53 1987</subfield>
  </datafield>
  <datafield tag="100" ind1="1" ind2=" ">
    <subfield code="a">Mahendra Madhukara</subfield>
  </datafield>
  <datafield tag="245" ind1="1" ind2="0">
    <subfield code="a">Ācārya Śukla kā ālocanā-śāstra /</subfield>
    <subfield code="c">Mahendra Madhukara.</subfield>
  </datafield>
  <datafield tag="250" ind1=" " ind2=" ">
    <subfield code="a">1. saṃskaraṇa.</subfield>
  </datafield>
  <datafield tag="260" ind1=" " ind2=" ">
    <subfield code="a">Dillī :</subfield>
    <subfield code="b">Manjula Prakāśana,</subfield>
    <subfield code="c">1987.</subfield>
  </datafield>
  <datafield tag="300" ind1=" " ind2=" ">
    <subfield code="a">154 p. ;</subfield>
    <subfield code="c">23 cm.</subfield>
  </datafield>
  <datafield tag="500" ind1=" " ind2=" ">
    <subfield code="a">In Hindi.</subfield>
  </datafield>
  <datafield tag="504" ind1=" " ind2=" ">
    <subfield code="a">Includes bibliographical references.</subfield>
  </datafield>
  <datafield tag="520" ind1=" " ind2=" ">
    <subfield code="a">On the works of Ram Chandra Shukla, 1884-1941, historian and Hindi critic; contributed articles.</subfield>
  </datafield>
  <datafield tag="600" ind1="1" ind2="0">
    <subfield code="a">Śukla, Rāmacandra,</subfield>
    <subfield code="d">1884-1941</subfield>
    <subfield code="x">Criticism and interpretation.</subfield>
  </datafield>
  <datafield tag="700" ind1="1" ind2=" ">
    <subfield code="a">Madhukara, Mahendra,</subfield>
    <subfield code="d">1940-</subfield>
  </datafield>
  <datafield tag="856" ind1=" " ind2=" ">
    <subfield code="u">http://ohdbks</subfield>
  </datafield>
  <datafield tag="906" ind1=" " ind2=" ">
    <subfield code="a">7</subfield>
    <subfield code="b">cbc</subfield>
    <subfield code="c">orignew</subfield>
    <subfield code="d">4</subfield>
    <subfield code="e">ncip</subfield>
    <subfield code="f">19</subfield>
    <subfield code="g">y-gencatlg</subfield>
  </datafield>
  <datafield tag="942" ind1=" " ind2=" ">
    <subfield code="2">ddc</subfield>
    <subfield code="c">BK</subfield>
  </datafield>
  <datafield tag="955" ind1=" " ind2=" ">
    <subfield code="a">bg01 to SCD 12-14-89; fc04 01-03-9; fr24 01-24-89</subfield>
  </datafield>
  <datafield tag="952" ind1=" " ind2=" ">
    <subfield code="0">0</subfield>
    <subfield code="1">0</subfield>
    <subfield code="2">ddc</subfield>
    <subfield code="4">0</subfield>
    <subfield code="7">0</subfield>
    <subfield code="9">5</subfield>
    <subfield code="a">bb_ar</subfield>
    <subfield code="b">bb_ar</subfield>
    <subfield code="d">2016-06-06</subfield>
    <subfield code="p">12345</subfield>
    <subfield code="r">2016-06-06</subfield>
    <subfield code="w">2016-06-06</subfield>
    <subfield code="y">BK</subfield>
  </datafield>
</record>