

<record>
  <leader>00853nmm a22002057a 4500</leader>
  <datafield tag="999" ind1=" " ind2=" ">
    <subfield code="c">5</subfield>
    <subfield code="d">5</subfield>
  </datafield>
  <controlfield tag="003">OSt</controlfield>
  <controlfield tag="005">20161122072855.0</controlfield>
  <controlfield tag="008">160610b        xxu||||| |||| 00| vleng d</controlfield>
  <datafield tag="040" ind1=" " ind2=" ">
    <subfield code="c">Fundación Bodhiyāna</subfield>
  </datafield>
  <datafield tag="041" ind1=" " ind2=" ">
    <subfield code="a">chinese</subfield>
  </datafield>
  <datafield tag="245" ind1=" " ind2=" ">
    <subfield code="a">幸福人生講座</subfield>
    <subfield code="b">智翰法師結語</subfield>
    <subfield code="c">釋智翰</subfield>
  </datafield>
  <datafield tag="260" ind1=" " ind2=" ">
    <subfield code="c">20150722</subfield>
  </datafield>
  <datafield tag="650" ind1=" " ind2=" ">
    <subfield code="2">幸福人生</subfield>
  </datafield>
  <datafield tag="856" ind1=" " ind2=" ">
    <subfield code="3">MP3</subfield>
    <subfield code="u">https://www.dropbox.com/s/n1ta5hryjslcn1b/150722_009_%E6%99%BA%E7%BF%B0%E6%B3%95%E5%B8%AB%E7%B5%90%E5%B0%BE.MP3?dl=0</subfield>
  </datafield>
  <datafield tag="856" ind1=" " ind2=" ">
    <subfield code="3">mp3</subfield>
    <subfield code="q">audio/mp3</subfield>
    <subfield code="u">http://140.136.152.185:8080/150722_009_%e6%99%ba%e7%bf%b0%e6%b3%95%e5%b8%ab%e7%b5%90%e5%b0%be.mp3</subfield>
  </datafield>
  <datafield tag="856" ind1=" " ind2=" ">
    <subfield code="u">/cgi-bin/koha/opac-retrieve-file.pl?id=cf10c3d24fe56d0463131aaac5d4acdd</subfield>
    <subfield code="3">download</subfield>
  </datafield>
  <datafield tag="856" ind1=" " ind2=" ">
    <subfield code="u">/cgi-bin/koha/opac-retrieve-file.pl?id=80262d98d0065c37ecbefce58720f1cb</subfield>
  </datafield>
  <datafield tag="856" ind1=" " ind2=" ">
    <subfield code="u">https://youtu.be/4p9yB7D9zIo</subfield>
  </datafield>
  <datafield tag="942" ind1=" " ind2=" ">
    <subfield code="2">ddc</subfield>
    <subfield code="c">AUDIO</subfield>
  </datafield>
  <datafield tag="952" ind1=" " ind2=" ">
    <subfield code="0">0</subfield>
    <subfield code="1">0</subfield>
    <subfield code="2">ddc</subfield>
    <subfield code="4">0</subfield>
    <subfield code="7">0</subfield>
    <subfield code="9">6</subfield>
    <subfield code="a">bb_ar</subfield>
    <subfield code="b">bb_ar</subfield>
    <subfield code="d">2016-06-10</subfield>
    <subfield code="r">2016-06-10</subfield>
    <subfield code="w">2016-06-10</subfield>
    <subfield code="y">AUDIO</subfield>
  </datafield>
</record>