

<record>
  <leader>00470nam a2200157Ia 4500</leader>
  <controlfield tag="008">160831t1987    fr            000 0 fre d</controlfield>
  <datafield tag="020" ind1=" " ind2=" ">
    <subfield code="a">92-3-202475-6</subfield>
  </datafield>
  <datafield tag="040" ind1=" " ind2=" ">
    <subfield code="c">Biblioteca Budista</subfield>
  </datafield>
  <datafield tag="041" ind1=" " ind2=" ">
    <subfield code="a">fre</subfield>
  </datafield>
  <datafield tag="100" ind1=" " ind2=" ">
    <subfield code="a">Lévi-Strauss, Claude</subfield>
  </datafield>
  <datafield tag="245" ind1=" " ind2=" ">
    <subfield code="a">Race et histoire : </subfield>
    <subfield code="b">suivi de l'oeuvre de Claude Lévi-Strauss par Jean Pouillon /</subfield>
    <subfield code="c">Claude Lévi-Strauss</subfield>
  </datafield>
  <datafield tag="260" ind1=" " ind2=" ">
    <subfield code="a">[Paris] :</subfield>
    <subfield code="b">Denoël,</subfield>
    <subfield code="c">1987imp.</subfield>
  </datafield>
  <datafield tag="300" ind1=" " ind2=" ">
    <subfield code="a">127 p.</subfield>
  </datafield>
  <datafield tag="490" ind1=" " ind2=" ">
    <subfield code="a">(Folio / Essais)</subfield>
  </datafield>
  <datafield tag="942" ind1=" " ind2=" ">
    <subfield code="c">BK</subfield>
    <subfield code="2">ddc</subfield>
  </datafield>
  <datafield tag="999" ind1=" " ind2=" ">
    <subfield code="c">9</subfield>
    <subfield code="d">9</subfield>
  </datafield>
  <datafield tag="952" ind1=" " ind2=" ">
    <subfield code="0">0</subfield>
    <subfield code="1">0</subfield>
    <subfield code="2">ddc</subfield>
    <subfield code="4">0</subfield>
    <subfield code="6">O_2_000000000000000_XI_01_04</subfield>
    <subfield code="7">0</subfield>
    <subfield code="9">10</subfield>
    <subfield code="a">bb_ar</subfield>
    <subfield code="b">bb_ar</subfield>
    <subfield code="c">O2</subfield>
    <subfield code="d">2016-09-02</subfield>
    <subfield code="o">O2 XI 01 04</subfield>
    <subfield code="r">2016-09-02</subfield>
    <subfield code="t">ej.1</subfield>
    <subfield code="w">2016-09-02</subfield>
    <subfield code="y">BK</subfield>
  </datafield>
</record>