

<record>
  <leader>00506nam a2200181Ia 4500</leader>
  <datafield tag="999" ind1=" " ind2=" ">
    <subfield code="c">10</subfield>
    <subfield code="d">10</subfield>
  </datafield>
  <controlfield tag="003">OSt</controlfield>
  <controlfield tag="005">20161122072855.0</controlfield>
  <controlfield tag="008">160831t1976    xxu           000 0 eng d</controlfield>
  <datafield tag="040" ind1=" " ind2=" ">
    <subfield code="c">Biblioteca Budista</subfield>
  </datafield>
  <datafield tag="041" ind1=" " ind2=" ">
    <subfield code="a">English</subfield>
  </datafield>
  <datafield tag="100" ind1="1" ind2=" ">
    <subfield code="a">Doris, Charles (ed.)</subfield>
  </datafield>
  <datafield tag="245" ind1="1" ind2="0">
    <subfield code="a">Origins : </subfield>
    <subfield code="b">creation texts from the ancient mediterranean /</subfield>
    <subfield code="c">Charles Doris</subfield>
  </datafield>
  <datafield tag="260" ind1=" " ind2=" ">
    <subfield code="a">New York :</subfield>
    <subfield code="b">Anchor Press,</subfield>
    <subfield code="c">1976</subfield>
  </datafield>
  <datafield tag="300" ind1=" " ind2=" ">
    <subfield code="a">356 p.</subfield>
  </datafield>
  <datafield tag="490" ind1=" " ind2=" ">
    <subfield code="a">(Anchor books)</subfield>
  </datafield>
  <datafield tag="505" ind1=" " ind2=" ">
    <subfield code="a">Preface by Jerome Rothenberg.</subfield>
  </datafield>
  <datafield tag="942" ind1=" " ind2=" ">
    <subfield code="c">BK</subfield>
    <subfield code="2">ddc</subfield>
  </datafield>
  <datafield tag="952" ind1=" " ind2=" ">
    <subfield code="0">0</subfield>
    <subfield code="1">0</subfield>
    <subfield code="2">ddc</subfield>
    <subfield code="4">0</subfield>
    <subfield code="6">O_2_000000000000000_XI_01_05</subfield>
    <subfield code="7">0</subfield>
    <subfield code="9">11</subfield>
    <subfield code="a">bb_ar</subfield>
    <subfield code="b">bb_ar</subfield>
    <subfield code="c">O2</subfield>
    <subfield code="d">2016-09-02</subfield>
    <subfield code="o">O2 XI 01 05</subfield>
    <subfield code="r">2016-09-02</subfield>
    <subfield code="t">ej.1</subfield>
    <subfield code="w">2016-09-02</subfield>
    <subfield code="y">BK</subfield>
  </datafield>
</record>