

<record>
  <leader>00486nam a2200169Ia 4500</leader>
  <controlfield tag="003">OSt</controlfield>
  <controlfield tag="005">20161122072855.0</controlfield>
  <controlfield tag="008">160831t1969    fr            000 0 fre d</controlfield>
  <datafield tag="040" ind1=" " ind2=" ">
    <subfield code="c">Biblioteca Budista</subfield>
  </datafield>
  <datafield tag="041" ind1=" " ind2=" ">
    <subfield code="a">fre</subfield>
  </datafield>
  <datafield tag="100" ind1="1" ind2=" ">
    <subfield code="a">Bastid, Paul</subfield>
  </datafield>
  <datafield tag="245" ind1="1" ind2="0">
    <subfield code="a">Proclus : </subfield>
    <subfield code="b">et le crépuscule de la pensée grecque /</subfield>
    <subfield code="c">Paul Bastid</subfield>
  </datafield>
  <datafield tag="260" ind1=" " ind2=" ">
    <subfield code="a">Paris :</subfield>
    <subfield code="b">Librairie Philosophique J. Vrin,</subfield>
    <subfield code="c">1969</subfield>
  </datafield>
  <datafield tag="300" ind1=" " ind2=" ">
    <subfield code="a">504 p.</subfield>
  </datafield>
  <datafield tag="490" ind1=" " ind2=" ">
    <subfield code="a">(Bibliothèque d'histoire de la philosophie)</subfield>
  </datafield>
  <datafield tag="942" ind1=" " ind2=" ">
    <subfield code="c">BK</subfield>
    <subfield code="2">ddc</subfield>
  </datafield>
  <datafield tag="999" ind1=" " ind2=" ">
    <subfield code="c">12</subfield>
    <subfield code="d">12</subfield>
  </datafield>
  <datafield tag="952" ind1=" " ind2=" ">
    <subfield code="0">0</subfield>
    <subfield code="1">0</subfield>
    <subfield code="2">ddc</subfield>
    <subfield code="4">0</subfield>
    <subfield code="6">O_2_000000000000000_XI_01_07</subfield>
    <subfield code="7">0</subfield>
    <subfield code="9">13</subfield>
    <subfield code="a">bb_ar</subfield>
    <subfield code="b">bb_ar</subfield>
    <subfield code="c">O2</subfield>
    <subfield code="d">2016-09-02</subfield>
    <subfield code="o">O2 XI 01 07</subfield>
    <subfield code="r">2016-09-02</subfield>
    <subfield code="t">ej.1</subfield>
    <subfield code="w">2016-09-02</subfield>
    <subfield code="y">BK</subfield>
  </datafield>
</record>