

<record>
  <leader>00455nam a2200169Ia 4500</leader>
  <controlfield tag="003">OSt</controlfield>
  <controlfield tag="005">20161122072855.0</controlfield>
  <controlfield tag="008">160831t1979    xxu           000 0 eng d</controlfield>
  <datafield tag="020" ind1=" " ind2=" ">
    <subfield code="a">0-8018-2110-X</subfield>
  </datafield>
  <datafield tag="040" ind1=" " ind2=" ">
    <subfield code="c">Biblioteca Budista</subfield>
  </datafield>
  <datafield tag="041" ind1=" " ind2=" ">
    <subfield code="a">eng</subfield>
  </datafield>
  <datafield tag="100" ind1="1" ind2=" ">
    <subfield code="4">Dawson, Carl</subfield>
  </datafield>
  <datafield tag="245" ind1=" " ind2=" ">
    <subfield code="a">Victorian Noon : </subfield>
    <subfield code="b">english literature in 1850 /</subfield>
    <subfield code="c">Carl Dawson</subfield>
  </datafield>
  <datafield tag="260" ind1=" " ind2=" ">
    <subfield code="a">Maryland :</subfield>
    <subfield code="b">The John Hopkins University Press,</subfield>
    <subfield code="c">c1979</subfield>
  </datafield>
  <datafield tag="300" ind1=" " ind2=" ">
    <subfield code="a">268 p.</subfield>
  </datafield>
  <datafield tag="942" ind1=" " ind2=" ">
    <subfield code="c">BK</subfield>
    <subfield code="2">ddc</subfield>
  </datafield>
  <datafield tag="999" ind1=" " ind2=" ">
    <subfield code="c">15</subfield>
    <subfield code="d">15</subfield>
  </datafield>
  <datafield tag="952" ind1=" " ind2=" ">
    <subfield code="0">0</subfield>
    <subfield code="1">0</subfield>
    <subfield code="2">ddc</subfield>
    <subfield code="4">0</subfield>
    <subfield code="6">O_2_000000000000000_XI_01_10</subfield>
    <subfield code="7">0</subfield>
    <subfield code="9">16</subfield>
    <subfield code="a">bb_ar</subfield>
    <subfield code="b">bb_ar</subfield>
    <subfield code="c">O2</subfield>
    <subfield code="d">2016-09-02</subfield>
    <subfield code="o">O2 XI 01 10</subfield>
    <subfield code="r">2016-09-02</subfield>
    <subfield code="t">ej.1</subfield>
    <subfield code="w">2016-09-02</subfield>
    <subfield code="y">BK</subfield>
  </datafield>
</record>