

<record>
  <leader>00529nam a2200193Ia 4500</leader>
  <controlfield tag="008">160902s9999    xx            000 0 und d</controlfield>
  <datafield tag="040" ind1=" " ind2=" ">
    <subfield code="c">Biblioteca Budista</subfield>
  </datafield>
  <datafield tag="245" ind1=" " ind2="0">
    <subfield code="a">L'armée et l'organisation militaire de l'Assyrie: </subfield>
  </datafield>
  <datafield tag="245" ind1=" " ind2="0">
    <subfield code="b">d'après les lettres des Sargonides trouvées à Ninive /</subfield>
  </datafield>
  <datafield tag="260" ind1=" " ind2=" ">
    <subfield code="a">Genève</subfield>
  </datafield>
  <datafield tag="260" ind1=" " ind2=" ">
    <subfield code="b">Librairie Droz</subfield>
  </datafield>
  <datafield tag="260" ind1=" " ind2=" ">
    <subfield code="c">1982</subfield>
  </datafield>
  <datafield tag="300" ind1=" " ind2=" ">
    <subfield code="a">356 p.</subfield>
  </datafield>
  <datafield tag="490" ind1=" " ind2=" ">
    <subfield code="a">Hautes études orientales</subfield>
  </datafield>
  <datafield tag="490" ind1=" " ind2=" ">
    <subfield code="v">19</subfield>
  </datafield>
  <datafield tag="830" ind1=" " ind2=" ">
    <subfield code="v">19</subfield>
  </datafield>
  <datafield tag="930" ind1=" " ind2=" ">
    <subfield code="a">Hautes études orientales</subfield>
  </datafield>
  <datafield tag="942" ind1=" " ind2=" ">
    <subfield code="c">General Book</subfield>
  </datafield>
  <datafield tag="999" ind1=" " ind2=" ">
    <subfield code="c">19</subfield>
    <subfield code="d">19</subfield>
  </datafield>
  <datafield tag="952" ind1=" " ind2=" ">
    <subfield code="0">0</subfield>
    <subfield code="1">0</subfield>
    <subfield code="2">ddc</subfield>
    <subfield code="4">0</subfield>
    <subfield code="6">O_2_000000000000000_XI_02_02</subfield>
    <subfield code="7">0</subfield>
    <subfield code="9">20</subfield>
    <subfield code="a">bb_ar</subfield>
    <subfield code="b">bb_ar</subfield>
    <subfield code="c">O2</subfield>
    <subfield code="d">2016-09-02</subfield>
    <subfield code="o">O2 XI 02 02</subfield>
    <subfield code="r">2016-09-02</subfield>
    <subfield code="w">2016-09-02</subfield>
    <subfield code="y">BK</subfield>
  </datafield>
</record>