

<record>
  <leader>00411nam a2200109Ia 4500</leader>
  <controlfield tag="008">160902s9999    xx            000 0 und d</controlfield>
  <datafield tag="020" ind1=" " ind2=" ">
    <subfield code="a">3-534-10422-6</subfield>
  </datafield>
  <datafield tag="040" ind1=" " ind2=" ">
    <subfield code="c">Biblioteca Budista</subfield>
  </datafield>
  <datafield tag="245" ind1="0" ind2="0">
    <subfield code="a">Geschichte des ptolemäerreiches: </subfield>
    <subfield code="b">politik, ideologie und religiöse kultur von Alexander dem Grossen bis zur römischen eroberung </subfield>
  </datafield>
  <datafield tag="260" ind1=" " ind2=" ">
    <subfield code="a">Darmstadt :</subfield>
    <subfield code="b">Wissenschaftliche Buchgesellschaft,</subfield>
    <subfield code="c">1994</subfield>
  </datafield>
  <datafield tag="942" ind1=" " ind2=" ">
    <subfield code="c">BK</subfield>
    <subfield code="2">ddc</subfield>
  </datafield>
  <datafield tag="999" ind1=" " ind2=" ">
    <subfield code="c">23</subfield>
    <subfield code="d">23</subfield>
  </datafield>
  <datafield tag="952" ind1=" " ind2=" ">
    <subfield code="0">0</subfield>
    <subfield code="1">0</subfield>
    <subfield code="2">ddc</subfield>
    <subfield code="4">0</subfield>
    <subfield code="6">O_2_000000000000000_XI_02_07</subfield>
    <subfield code="7">0</subfield>
    <subfield code="9">25</subfield>
    <subfield code="a">bb_ar</subfield>
    <subfield code="b">bb_ar</subfield>
    <subfield code="c">O2</subfield>
    <subfield code="d">2016-09-02</subfield>
    <subfield code="o">O2 XI 02 07</subfield>
    <subfield code="r">2016-09-02</subfield>
    <subfield code="t">ej.1</subfield>
    <subfield code="w">2016-09-02</subfield>
    <subfield code="y">BK</subfield>
  </datafield>
</record>