

<record>
  <leader>00398nam a2200157Ia 4500</leader>
  <datafield tag="999" ind1=" " ind2=" ">
    <subfield code="c">36</subfield>
    <subfield code="d">36</subfield>
  </datafield>
  <controlfield tag="003">OSt</controlfield>
  <controlfield tag="005">20161122072857.0</controlfield>
  <controlfield tag="008">160520s9999    xx            000 0 und d</controlfield>
  <datafield tag="020" ind1=" " ind2=" ">
    <subfield code="a">981-00-7653-3</subfield>
  </datafield>
  <datafield tag="041" ind1=" " ind2=" ">
    <subfield code="a">english</subfield>
  </datafield>
  <datafield tag="100" ind1="1" ind2=" ">
    <subfield code="a">Chodron, Thubten</subfield>
  </datafield>
  <datafield tag="245" ind1="1" ind2="0">
    <subfield code="a">Spiritual sisters /</subfield>
    <subfield code="c">Thubten Chodron</subfield>
  </datafield>
  <datafield tag="260" ind1=" " ind2=" ">
    <subfield code="a">Seattle :</subfield>
    <subfield code="b">Dharma Friendship Foundation,</subfield>
    <subfield code="c">[199-]</subfield>
  </datafield>
  <datafield tag="300" ind1=" " ind2=" ">
    <subfield code="a">60 p.</subfield>
  </datafield>
  <datafield tag="942" ind1=" " ind2=" ">
    <subfield code="2">ddc</subfield>
    <subfield code="c">BK</subfield>
  </datafield>
  <datafield tag="952" ind1=" " ind2=" ">
    <subfield code="0">0</subfield>
    <subfield code="1">0</subfield>
    <subfield code="2">ddc</subfield>
    <subfield code="4">0</subfield>
    <subfield code="6">O_2_000000000000000_B_01_13</subfield>
    <subfield code="7">0</subfield>
    <subfield code="9">38</subfield>
    <subfield code="a">bb_ar</subfield>
    <subfield code="b">bb_ar</subfield>
    <subfield code="c">O2</subfield>
    <subfield code="d">2016-09-29</subfield>
    <subfield code="o">O2 B 01 13</subfield>
    <subfield code="r">2016-09-29</subfield>
    <subfield code="t">ej.1</subfield>
    <subfield code="w">2016-09-29</subfield>
    <subfield code="y">BK</subfield>
  </datafield>
</record>