

<record>
  <leader>00545nam a2200193Ia 4500</leader>
  <datafield tag="999" ind1=" " ind2=" ">
    <subfield code="c">37</subfield>
    <subfield code="d">37</subfield>
  </datafield>
  <controlfield tag="003">OSt</controlfield>
  <controlfield tag="005">20161122072857.0</controlfield>
  <controlfield tag="008">160520s9999    xx            000 0 und d</controlfield>
  <datafield tag="020" ind1=" " ind2=" ">
    <subfield code="a">955-24-0179-8</subfield>
  </datafield>
  <datafield tag="041" ind1=" " ind2=" ">
    <subfield code="a">english</subfield>
  </datafield>
  <datafield tag="100" ind1="1" ind2=" ">
    <subfield code="a">Harris, Elizabeth</subfield>
  </datafield>
  <datafield tag="245" ind1="1" ind2="0">
    <subfield code="a">Ananda Metteyya :</subfield>
    <subfield code="b">the first british emissary of buddhism /</subfield>
    <subfield code="c">Elizabeth Harris</subfield>
  </datafield>
  <datafield tag="260" ind1=" " ind2=" ">
    <subfield code="a">Kandy :</subfield>
    <subfield code="b">Buddhist Publication Society,</subfield>
    <subfield code="c">1998</subfield>
  </datafield>
  <datafield tag="300" ind1=" " ind2=" ">
    <subfield code="a">66 p.</subfield>
  </datafield>
  <datafield tag="490" ind1=" " ind2=" ">
    <subfield code="a">The wheel publication</subfield>
    <subfield code="v">420/422</subfield>
  </datafield>
  <datafield tag="830" ind1=" " ind2=" ">
    <subfield code="a">The wheel publication</subfield>
  </datafield>
  <datafield tag="830" ind1=" " ind2=" ">
    <subfield code="v">420/422</subfield>
  </datafield>
  <datafield tag="942" ind1=" " ind2=" ">
    <subfield code="2">ddc</subfield>
    <subfield code="c">BK</subfield>
  </datafield>
  <datafield tag="952" ind1=" " ind2=" ">
    <subfield code="0">0</subfield>
    <subfield code="1">0</subfield>
    <subfield code="2">ddc</subfield>
    <subfield code="4">0</subfield>
    <subfield code="6">O_2_000000000000000_B_01_14</subfield>
    <subfield code="7">0</subfield>
    <subfield code="9">39</subfield>
    <subfield code="a">bb_ar</subfield>
    <subfield code="b">bb_ar</subfield>
    <subfield code="c">O2</subfield>
    <subfield code="d">2016-09-29</subfield>
    <subfield code="o">O2 B 01 14</subfield>
    <subfield code="r">2016-09-29</subfield>
    <subfield code="t">ej.1</subfield>
    <subfield code="w">2016-09-29</subfield>
    <subfield code="y">BK</subfield>
  </datafield>
</record>