

<record>
  <leader>00454nam a2200181Ia 4500</leader>
  <datafield tag="999" ind1=" " ind2=" ">
    <subfield code="c">53</subfield>
    <subfield code="d">53</subfield>
  </datafield>
  <controlfield tag="003">OSt</controlfield>
  <controlfield tag="005">20161122072858.0</controlfield>
  <controlfield tag="008">161007s9999    xx            000 0 und d</controlfield>
  <datafield tag="020" ind1=" " ind2=" ">
    <subfield code="a">3-495-44115-8</subfield>
  </datafield>
  <datafield tag="040" ind1=" " ind2=" ">
    <subfield code="c">Biblioteca Budista</subfield>
  </datafield>
  <datafield tag="041" ind1=" " ind2=" ">
    <subfield code="a">German</subfield>
  </datafield>
  <datafield tag="100" ind1="1" ind2=" ">
    <subfield code="a">Bochénski, J. M.</subfield>
  </datafield>
  <datafield tag="245" ind1="1" ind2="0">
    <subfield code="a">Formale logik /</subfield>
    <subfield code="c">J. M. Bochénski</subfield>
  </datafield>
  <datafield tag="250" ind1=" " ind2=" ">
    <subfield code="a">5e aufl.</subfield>
  </datafield>
  <datafield tag="260" ind1=" " ind2=" ">
    <subfield code="b">Verlag Karl Alber :</subfield>
    <subfield code="a">Freiburg,</subfield>
    <subfield code="c">1996</subfield>
  </datafield>
  <datafield tag="490" ind1=" " ind2=" ">
    <subfield code="a">Orbis academicus</subfield>
  </datafield>
  <datafield tag="942" ind1=" " ind2=" ">
    <subfield code="c">BK</subfield>
    <subfield code="2">ddc</subfield>
  </datafield>
  <datafield tag="952" ind1=" " ind2=" ">
    <subfield code="0">0</subfield>
    <subfield code="1">0</subfield>
    <subfield code="2">ddc</subfield>
    <subfield code="4">0</subfield>
    <subfield code="6">O_2_000000000000000_XI_03_05</subfield>
    <subfield code="7">0</subfield>
    <subfield code="9">55</subfield>
    <subfield code="a">bb_ar</subfield>
    <subfield code="b">bb_ar</subfield>
    <subfield code="c">O2</subfield>
    <subfield code="d">2016-10-07</subfield>
    <subfield code="o">O2 XI 03 05</subfield>
    <subfield code="r">2016-10-07</subfield>
    <subfield code="t">ej.1</subfield>
    <subfield code="w">2016-10-07</subfield>
    <subfield code="y">BK</subfield>
  </datafield>
</record>