

<record>
  <leader>00470nam a2200169Ia 4500</leader>
  <datafield tag="999" ind1=" " ind2=" ">
    <subfield code="c">54</subfield>
    <subfield code="d">54</subfield>
  </datafield>
  <controlfield tag="003">OSt</controlfield>
  <controlfield tag="005">20161122072858.0</controlfield>
  <controlfield tag="008">161007s9999    xx            000 0 und d</controlfield>
  <datafield tag="040" ind1=" " ind2=" ">
    <subfield code="c">Biblioteca Budista</subfield>
  </datafield>
  <datafield tag="041" ind1=" " ind2=" ">
    <subfield code="a">English</subfield>
  </datafield>
  <datafield tag="100" ind1="1" ind2=" ">
    <subfield code="a">Bochénski, J. M.</subfield>
  </datafield>
  <datafield tag="245" ind1="1" ind2="2">
    <subfield code="a">A history of formal logic /</subfield>
    <subfield code="c">J. M. Bochénski ; edited by Ivo Thomas</subfield>
  </datafield>
  <datafield tag="260" ind1=" " ind2=" ">
    <subfield code="b">University of Notre Dame Press :</subfield>
    <subfield code="a">Indiana,</subfield>
    <subfield code="c">1961</subfield>
  </datafield>
  <datafield tag="300" ind1=" " ind2=" ">
    <subfield code="a">567 p.</subfield>
  </datafield>
  <datafield tag="700" ind1=" " ind2=" ">
    <subfield code="a">Thomas, Ivo</subfield>
    <subfield code="e">ed.</subfield>
  </datafield>
  <datafield tag="942" ind1=" " ind2=" ">
    <subfield code="c">BK</subfield>
    <subfield code="2">ddc</subfield>
  </datafield>
  <datafield tag="952" ind1=" " ind2=" ">
    <subfield code="0">0</subfield>
    <subfield code="1">0</subfield>
    <subfield code="2">ddc</subfield>
    <subfield code="4">0</subfield>
    <subfield code="6">O_2_000000000000000_XI_03_06</subfield>
    <subfield code="7">0</subfield>
    <subfield code="9">56</subfield>
    <subfield code="a">bb_ar</subfield>
    <subfield code="b">bb_ar</subfield>
    <subfield code="c">O2</subfield>
    <subfield code="d">2016-10-07</subfield>
    <subfield code="o">O2 XI 03 06</subfield>
    <subfield code="r">2016-10-07</subfield>
    <subfield code="t">ej.1</subfield>
    <subfield code="w">2016-10-07</subfield>
    <subfield code="y">BK</subfield>
  </datafield>
</record>