

<record>
  <leader>00542nam a2200169Ia 4500</leader>
  <datafield tag="999" ind1=" " ind2=" ">
    <subfield code="c">56</subfield>
    <subfield code="d">56</subfield>
  </datafield>
  <controlfield tag="003">OSt</controlfield>
  <controlfield tag="005">20161122072858.0</controlfield>
  <controlfield tag="008">161007s9999    xx            000 0 und d</controlfield>
  <datafield tag="040" ind1=" " ind2=" ">
    <subfield code="c">Biblioteca Budista</subfield>
  </datafield>
  <datafield tag="041" ind1=" " ind2=" ">
    <subfield code="a">Spanish</subfield>
  </datafield>
  <datafield tag="100" ind1="1" ind2=" ">
    <subfield code="a">Ceñal Lorente, Ramón</subfield>
  </datafield>
  <datafield tag="245" ind1="1" ind2="3">
    <subfield code="a">La teoría del lenguaje de Carlos Bühler :</subfield>
    <subfield code="b">introducción a la moderna filosofía del lenguaje /</subfield>
    <subfield code="c">Ramón Ceñal Lorente</subfield>
  </datafield>
  <datafield tag="260" ind1=" " ind2=" ">
    <subfield code="b">Consejo Superior de Investigaciones Científicas :</subfield>
    <subfield code="a">Madrid,</subfield>
    <subfield code="c">1941</subfield>
  </datafield>
  <datafield tag="300" ind1=" " ind2=" ">
    <subfield code="a">302 p.</subfield>
  </datafield>
  <datafield tag="490" ind1=" " ind2=" ">
    <subfield code="a">(Serie B ;</subfield>
    <subfield code="v">1)</subfield>
  </datafield>
  <datafield tag="942" ind1=" " ind2=" ">
    <subfield code="c">BK</subfield>
    <subfield code="2">ddc</subfield>
  </datafield>
  <datafield tag="952" ind1=" " ind2=" ">
    <subfield code="0">0</subfield>
    <subfield code="1">0</subfield>
    <subfield code="2">ddc</subfield>
    <subfield code="4">0</subfield>
    <subfield code="6">O_2_000000000000000_XI_03_08</subfield>
    <subfield code="7">0</subfield>
    <subfield code="9">58</subfield>
    <subfield code="a">bb_ar</subfield>
    <subfield code="b">bb_ar</subfield>
    <subfield code="c">O2</subfield>
    <subfield code="d">2016-10-07</subfield>
    <subfield code="o">O2 XI 03 08</subfield>
    <subfield code="r">2016-10-07</subfield>
    <subfield code="t">ej.1</subfield>
    <subfield code="w">2016-10-07</subfield>
    <subfield code="y">BK</subfield>
  </datafield>
</record>