

<record>
  <leader>00679nam a2200181Ia 4500</leader>
  <datafield tag="999" ind1=" " ind2=" ">
    <subfield code="c">58</subfield>
    <subfield code="d">58</subfield>
  </datafield>
  <controlfield tag="003">OSt</controlfield>
  <controlfield tag="005">20161122072858.0</controlfield>
  <controlfield tag="008">161008s9999    xx            000 0 und d</controlfield>
  <datafield tag="020" ind1=" " ind2=" ">
    <subfield code="a">90-6980-094-2</subfield>
  </datafield>
  <datafield tag="040" ind1=" " ind2=" ">
    <subfield code="c">Biblioteca Budista</subfield>
  </datafield>
  <datafield tag="041" ind1=" " ind2=" ">
    <subfield code="a">English</subfield>
  </datafield>
  <datafield tag="100" ind1="1" ind2=" ">
    <subfield code="a">Houben, Jan E. M.</subfield>
  </datafield>
  <datafield tag="245" ind1="1" ind2="4">
    <subfield code="a">The sambandha-samuddesa (chapter on relation) and Bhartrhari's philosophy of language :</subfield>
    <subfield code="b">a study of Bhartrhari Sambandha-samuddesa in the context of the Vakyapadiya with a translation of Helaraja's commentary Prakirna-prakasa /</subfield>
    <subfield code="c">Jan E. M. Houben</subfield>
  </datafield>
  <datafield tag="260" ind1=" " ind2=" ">
    <subfield code="a">Groningen :</subfield>
    <subfield code="b">Egbert Forsten,</subfield>
    <subfield code="c">1995</subfield>
  </datafield>
  <datafield tag="300" ind1=" " ind2=" ">
    <subfield code="a">460 p.</subfield>
  </datafield>
  <datafield tag="490" ind1=" " ind2=" ">
    <subfield code="a">(Gonda indological studies ;</subfield>
    <subfield code="v">2)</subfield>
  </datafield>
  <datafield tag="942" ind1=" " ind2=" ">
    <subfield code="c">BK</subfield>
    <subfield code="2">ddc</subfield>
  </datafield>
  <datafield tag="952" ind1=" " ind2=" ">
    <subfield code="0">0</subfield>
    <subfield code="1">0</subfield>
    <subfield code="2">ddc</subfield>
    <subfield code="4">0</subfield>
    <subfield code="6">O_2_000000000000000_XI_04_01</subfield>
    <subfield code="7">0</subfield>
    <subfield code="9">60</subfield>
    <subfield code="a">bb_ar</subfield>
    <subfield code="b">bb_ar</subfield>
    <subfield code="d">2016-10-08</subfield>
    <subfield code="o">O2 XI 04 01</subfield>
    <subfield code="r">2016-10-08</subfield>
    <subfield code="t">ej.1</subfield>
    <subfield code="w">2016-10-08</subfield>
    <subfield code="y">BK</subfield>
  </datafield>
</record>