

<record>
  <leader>00528nam a2200157Ia 4500</leader>
  <datafield tag="999" ind1=" " ind2=" ">
    <subfield code="c">59</subfield>
    <subfield code="d">59</subfield>
  </datafield>
  <controlfield tag="003">OSt</controlfield>
  <controlfield tag="005">20161122072858.0</controlfield>
  <controlfield tag="008">161008s9999    xx            000 0 und d</controlfield>
  <datafield tag="040" ind1=" " ind2=" ">
    <subfield code="c">Biblioteca Budista</subfield>
  </datafield>
  <datafield tag="041" ind1=" " ind2=" ">
    <subfield code="a">English</subfield>
  </datafield>
  <datafield tag="100" ind1="1" ind2=" ">
    <subfield code="a">Dandekar, R. N.</subfield>
  </datafield>
  <datafield tag="245" ind1="1" ind2="0">
    <subfield code="a">Śrautakośa :</subfield>
    <subfield code="b">encyclopedia of vedic sacrificial ritual comprising the two complementary sections, namely, the sanskrit section and the english section /</subfield>
    <subfield code="c">R. N. Dandekar</subfield>
  </datafield>
  <datafield tag="260" ind1=" " ind2=" ">
    <subfield code="a">Pune :</subfield>
    <subfield code="b">Vaidika Samsodhana Mandala,</subfield>
    <subfield code="c">1995</subfield>
  </datafield>
  <datafield tag="300" ind1=" " ind2=" ">
    <subfield code="a">  v.</subfield>
  </datafield>
  <datafield tag="942" ind1=" " ind2=" ">
    <subfield code="c">BK</subfield>
    <subfield code="2">ddc</subfield>
  </datafield>
  <datafield tag="952" ind1=" " ind2=" ">
    <subfield code="0">0</subfield>
    <subfield code="1">0</subfield>
    <subfield code="2">ddc</subfield>
    <subfield code="4">0</subfield>
    <subfield code="6">O_2_000000000000000_XI_04_02</subfield>
    <subfield code="7">0</subfield>
    <subfield code="9">61</subfield>
    <subfield code="a">bb_ar</subfield>
    <subfield code="b">bb_ar</subfield>
    <subfield code="c">O2</subfield>
    <subfield code="d">2016-10-08</subfield>
    <subfield code="h">v.2</subfield>
    <subfield code="o">O2 XI 04 02</subfield>
    <subfield code="r">2016-10-08</subfield>
    <subfield code="t">ej.1</subfield>
    <subfield code="w">2016-10-08</subfield>
    <subfield code="y">BK</subfield>
  </datafield>
</record>