

<record>
  <leader>00517nam a2200181Ia 4500</leader>
  <datafield tag="999" ind1=" " ind2=" ">
    <subfield code="c">64</subfield>
    <subfield code="d">64</subfield>
  </datafield>
  <controlfield tag="003">OSt</controlfield>
  <controlfield tag="005">20161122072859.0</controlfield>
  <controlfield tag="008">161008s9999    xx            000 0 und d</controlfield>
  <datafield tag="020" ind1=" " ind2=" ">
    <subfield code="a">81-208-0643-3</subfield>
  </datafield>
  <datafield tag="040" ind1=" " ind2=" ">
    <subfield code="c">Biblioteca Budista</subfield>
  </datafield>
  <datafield tag="041" ind1=" " ind2=" ">
    <subfield code="a">English</subfield>
  </datafield>
  <datafield tag="100" ind1="1" ind2=" ">
    <subfield code="a">Hino, Shoun</subfield>
    <subfield code="e">tr.</subfield>
  </datafield>
  <datafield tag="245" ind1="1" ind2="0">
    <subfield code="a">Sureśvara's Vārtika on Aṣva and Aśvamedha Brāhmaṇa /</subfield>
    <subfield code="b">translated by Hino Shoun and Jog K. P.</subfield>
  </datafield>
  <datafield tag="260" ind1=" " ind2=" ">
    <subfield code="a">Delhi :</subfield>
    <subfield code="b">Motilal Banarsidass,</subfield>
    <subfield code="c">1990</subfield>
  </datafield>
  <datafield tag="300" ind1=" " ind2=" ">
    <subfield code="a">110 p.</subfield>
  </datafield>
  <datafield tag="700" ind1="1" ind2=" ">
    <subfield code="a">Jog ,K. P.</subfield>
    <subfield code="e">tr.</subfield>
  </datafield>
  <datafield tag="942" ind1=" " ind2=" ">
    <subfield code="c">BK</subfield>
    <subfield code="2">ddc</subfield>
  </datafield>
  <datafield tag="952" ind1=" " ind2=" ">
    <subfield code="0">0</subfield>
    <subfield code="1">0</subfield>
    <subfield code="2">ddc</subfield>
    <subfield code="4">0</subfield>
    <subfield code="6">O_2_000000000000000_XI_04_07</subfield>
    <subfield code="7">0</subfield>
    <subfield code="9">66</subfield>
    <subfield code="a">bb_ar</subfield>
    <subfield code="b">bb_ar</subfield>
    <subfield code="c">O2</subfield>
    <subfield code="d">2016-10-08</subfield>
    <subfield code="o">O2 XI 04 07</subfield>
    <subfield code="r">2016-10-08</subfield>
    <subfield code="t">ej.1</subfield>
    <subfield code="w">2016-10-08</subfield>
    <subfield code="y">BK</subfield>
  </datafield>
</record>