

<record>
  <leader>00574nam a2200205Ia 4500</leader>
  <datafield tag="999" ind1=" " ind2=" ">
    <subfield code="c">71</subfield>
    <subfield code="d">71</subfield>
  </datafield>
  <controlfield tag="003">OSt</controlfield>
  <controlfield tag="005">20161122072859.0</controlfield>
  <controlfield tag="008">161008s9999    xx            000 0 und d</controlfield>
  <datafield tag="020" ind1=" " ind2=" ">
    <subfield code="a">81-208-2044-4</subfield>
  </datafield>
  <datafield tag="040" ind1=" " ind2=" ">
    <subfield code="c">Biblioteca Budista</subfield>
  </datafield>
  <datafield tag="041" ind1=" " ind2=" ">
    <subfield code="a">English</subfield>
  </datafield>
  <datafield tag="100" ind1="1" ind2=" ">
    <subfield code="a">Jog, K. P.</subfield>
    <subfield code="e">ed.</subfield>
  </datafield>
  <datafield tag="245" ind1="1" ind2="0">
    <subfield code="a">Sureśvara's Vārtika on Sariraka Brāhmaṇa /</subfield>
    <subfield code="c">edited by Jog, K. P. and Shoun, Hino</subfield>
  </datafield>
  <datafield tag="250" ind1=" " ind2=" ">
    <subfield code="a">1st ed.</subfield>
  </datafield>
  <datafield tag="260" ind1=" " ind2=" ">
    <subfield code="a">Delhi :</subfield>
    <subfield code="b">Motilal Banarsidass,</subfield>
    <subfield code="c">2005</subfield>
  </datafield>
  <datafield tag="300" ind1=" " ind2=" ">
    <subfield code="a">489 p.</subfield>
  </datafield>
  <datafield tag="490" ind1=" " ind2=" ">
    <subfield code="a">(Advaita tradition series;</subfield>
    <subfield code="v">12)</subfield>
  </datafield>
  <datafield tag="700" ind1=" " ind2=" ">
    <subfield code="a">Hino, Shoun</subfield>
    <subfield code="e">ed.</subfield>
  </datafield>
  <datafield tag="942" ind1=" " ind2=" ">
    <subfield code="c">BK</subfield>
    <subfield code="2">ddc</subfield>
  </datafield>
  <datafield tag="952" ind1=" " ind2=" ">
    <subfield code="0">0</subfield>
    <subfield code="1">0</subfield>
    <subfield code="2">ddc</subfield>
    <subfield code="4">0</subfield>
    <subfield code="6">O_2_000000000000000_XI_05_08A</subfield>
    <subfield code="7">0</subfield>
    <subfield code="9">74</subfield>
    <subfield code="a">bb_ar</subfield>
    <subfield code="b">bb_ar</subfield>
    <subfield code="c">O2</subfield>
    <subfield code="d">2016-10-08</subfield>
    <subfield code="o">O2 XI 05 08a</subfield>
    <subfield code="r">2016-10-08</subfield>
    <subfield code="t">ej.1</subfield>
    <subfield code="w">2016-10-08</subfield>
    <subfield code="y">BK</subfield>
  </datafield>
</record>