

<record>
  <leader>00538nam a2200181Ia 4500</leader>
  <datafield tag="999" ind1=" " ind2=" ">
    <subfield code="c">79</subfield>
    <subfield code="d">79</subfield>
  </datafield>
  <controlfield tag="003">OSt</controlfield>
  <controlfield tag="005">20161122072900.0</controlfield>
  <controlfield tag="008">161010s9999    xx            000 0 und d</controlfield>
  <datafield tag="020" ind1=" " ind2=" ">
    <subfield code="a">2-7007-2287-6</subfield>
  </datafield>
  <datafield tag="040" ind1=" " ind2=" ">
    <subfield code="c">Biblioteca Budista</subfield>
  </datafield>
  <datafield tag="041" ind1=" " ind2=" ">
    <subfield code="a">fre</subfield>
  </datafield>
  <datafield tag="100" ind1="1" ind2=" ">
    <subfield code="a">Iogna-Prat, Dominique</subfield>
  </datafield>
  <datafield tag="245" ind1="1" ind2="0">
    <subfield code="a">Ordonner et exclure :</subfield>
    <subfield code="b">Cluny et la société chrétienne face à l'hérésie, au judaïsme at à l'islam 1000-1150 /</subfield>
    <subfield code="c">Dominique Iogna-Prat</subfield>
  </datafield>
  <datafield tag="250" ind1=" " ind2=" ">
    <subfield code="a">2e ed.</subfield>
  </datafield>
  <datafield tag="260" ind1=" " ind2=" ">
    <subfield code="b">Flammarion :</subfield>
    <subfield code="a">Paris,</subfield>
    <subfield code="c">2000</subfield>
  </datafield>
  <datafield tag="300" ind1=" " ind2=" ">
    <subfield code="a">508 p.</subfield>
  </datafield>
  <datafield tag="942" ind1=" " ind2=" ">
    <subfield code="c">BK</subfield>
    <subfield code="2">ddc</subfield>
  </datafield>
  <datafield tag="952" ind1=" " ind2=" ">
    <subfield code="0">0</subfield>
    <subfield code="1">0</subfield>
    <subfield code="2">ddc</subfield>
    <subfield code="4">0</subfield>
    <subfield code="6">O_2_000000000000000_XI_06_06</subfield>
    <subfield code="7">0</subfield>
    <subfield code="9">84</subfield>
    <subfield code="a">bb_ar</subfield>
    <subfield code="b">bb_ar</subfield>
    <subfield code="c">O2</subfield>
    <subfield code="d">2016-10-09</subfield>
    <subfield code="o">O2 XI 06 06</subfield>
    <subfield code="r">2016-10-09</subfield>
    <subfield code="t">ej.1</subfield>
    <subfield code="w">2016-10-09</subfield>
    <subfield code="y">BK</subfield>
  </datafield>
</record>