

<record>
  <leader>00436nam a2200169Ia 4500</leader>
  <datafield tag="999" ind1=" " ind2=" ">
    <subfield code="c">81</subfield>
    <subfield code="d">81</subfield>
  </datafield>
  <controlfield tag="003">OSt</controlfield>
  <controlfield tag="005">20161122072900.0</controlfield>
  <controlfield tag="008">161010s9999    xx            000 0 und d</controlfield>
  <datafield tag="040" ind1=" " ind2=" ">
    <subfield code="c">Biblioteca Budista</subfield>
  </datafield>
  <datafield tag="041" ind1=" " ind2=" ">
    <subfield code="a">spa</subfield>
  </datafield>
  <datafield tag="100" ind1="1" ind2=" ">
    <subfield code="a">Hamelin, Octave</subfield>
  </datafield>
  <datafield tag="245" ind1="1" ind2="3">
    <subfield code="a">El sistema de Descartes /</subfield>
    <subfield code="c">Octave Hamelin</subfield>
  </datafield>
  <datafield tag="260" ind1=" " ind2=" ">
    <subfield code="b">Editorial Losada :</subfield>
    <subfield code="a">Buenos Aires,</subfield>
    <subfield code="c">1949</subfield>
  </datafield>
  <datafield tag="300" ind1=" " ind2=" ">
    <subfield code="a">398 p.</subfield>
  </datafield>
  <datafield tag="490" ind1=" " ind2=" ">
    <subfield code="a">(Biblioteca filosófica)</subfield>
  </datafield>
  <datafield tag="942" ind1=" " ind2=" ">
    <subfield code="c">BK</subfield>
    <subfield code="2">ddc</subfield>
  </datafield>
  <datafield tag="952" ind1=" " ind2=" ">
    <subfield code="0">0</subfield>
    <subfield code="1">0</subfield>
    <subfield code="2">ddc</subfield>
    <subfield code="4">0</subfield>
    <subfield code="6">O_2_000000000000000_XI_06_08</subfield>
    <subfield code="7">0</subfield>
    <subfield code="9">86</subfield>
    <subfield code="a">bb_ar</subfield>
    <subfield code="b">bb_ar</subfield>
    <subfield code="c">O2</subfield>
    <subfield code="d">2016-10-09</subfield>
    <subfield code="o">O2 XI 06 08</subfield>
    <subfield code="r">2016-10-09</subfield>
    <subfield code="t">ej.1</subfield>
    <subfield code="w">2016-10-09</subfield>
    <subfield code="y">BK</subfield>
  </datafield>
</record>