

<record>
  <leader>00897cam a22002531  4500</leader>
  <datafield tag="999" ind1=" " ind2=" ">
    <subfield code="c">86</subfield>
    <subfield code="d">86</subfield>
  </datafield>
  <controlfield tag="001">4065241</controlfield>
  <controlfield tag="003">OSt</controlfield>
  <controlfield tag="005">20161122072900.0</controlfield>
  <controlfield tag="008">700729s1964    enk      b    000 0 eng  </controlfield>
  <datafield tag="010" ind1=" " ind2=" ">
    <subfield code="a">   68005853 </subfield>
  </datafield>
  <datafield tag="041" ind1="1" ind2=" ">
    <subfield code="a">pli</subfield>
    <subfield code="a">eng</subfield>
  </datafield>
  <datafield tag="050" ind1="0" ind2="0">
    <subfield code="a">PK4541</subfield>
    <subfield code="b">.P5 no. 35</subfield>
  </datafield>
  <datafield tag="130" ind1=" " ind2=" ">
    <subfield code="a">Peṭakopadesa.</subfield>
  </datafield>
  <datafield tag="245" ind1="1" ind2="4">
    <subfield code="a">The Piṭaka-disclosure (Peṭakopadeta) according to Kaccāna Thera.</subfield>
    <subfield code="c">Translated from the Pali by Bhikkhu Ñānamoli.</subfield>
  </datafield>
  <datafield tag="260" ind1=" " ind2=" ">
    <subfield code="a">London,</subfield>
    <subfield code="b">Published for the Pali Text Society by Luzac,</subfield>
    <subfield code="c">1964.</subfield>
  </datafield>
  <datafield tag="300" ind1=" " ind2=" ">
    <subfield code="a">xliv, 402 p.</subfield>
    <subfield code="c">23 cm.</subfield>
  </datafield>
  <datafield tag="440" ind1=" " ind2="0">
    <subfield code="a">UNESCO collection of representative works.</subfield>
  </datafield>
  <datafield tag="490" ind1="1" ind2=" ">
    <subfield code="a">Translation series,</subfield>
    <subfield code="v">35</subfield>
  </datafield>
  <datafield tag="504" ind1=" " ind2=" ">
    <subfield code="a">"List of references to the Peṭakopadesa in some modern works": p. 402.</subfield>
  </datafield>
  <datafield tag="700" ind1="0" ind2=" ">
    <subfield code="a">Mahākaccāyana.</subfield>
  </datafield>
  <datafield tag="700" ind1="1" ind2=" ">
    <subfield code="a">Ñānamoli, Bhikkhu,</subfield>
    <subfield code="d">-1960,</subfield>
    <subfield code="e">tr.</subfield>
  </datafield>
  <datafield tag="830" ind1=" " ind2="0">
    <subfield code="a">Translation series (London, England) ;</subfield>
    <subfield code="v">no. 35.</subfield>
  </datafield>
  <datafield tag="942" ind1=" " ind2=" ">
    <subfield code="2">ddc</subfield>
    <subfield code="c">BK</subfield>
  </datafield>
  <datafield tag="952" ind1=" " ind2=" ">
    <subfield code="0">0</subfield>
    <subfield code="1">0</subfield>
    <subfield code="2">ddc</subfield>
    <subfield code="4">0</subfield>
    <subfield code="6">O_2_000000000000000_XII_01_01</subfield>
    <subfield code="7">0</subfield>
    <subfield code="9">91</subfield>
    <subfield code="a">bb_ar</subfield>
    <subfield code="b">bb_ar</subfield>
    <subfield code="c">O2</subfield>
    <subfield code="d">2016-10-26</subfield>
    <subfield code="o">O2 XII 01 01</subfield>
    <subfield code="r">2016-10-26</subfield>
    <subfield code="t">1</subfield>
    <subfield code="w">2016-10-26</subfield>
    <subfield code="y">BK</subfield>
  </datafield>
</record>