

<record>
  <leader>00509nam a22001577a 4500</leader>
  <datafield tag="999" ind1=" " ind2=" ">
    <subfield code="c">87</subfield>
    <subfield code="d">87</subfield>
  </datafield>
  <controlfield tag="003">OSt</controlfield>
  <controlfield tag="005">20161122072900.0</controlfield>
  <controlfield tag="008">161029b        xxu||||| |||| 00| 0 eng d</controlfield>
  <datafield tag="041" ind1=" " ind2=" ">
    <subfield code="a">eng</subfield>
  </datafield>
  <datafield tag="100" ind1="1" ind2=" ">
    <subfield code="4">Sörensen, S.</subfield>
  </datafield>
  <datafield tag="245" ind1="1" ind2="3">
    <subfield code="a">An index to the names in the </subfield>
    <subfield code="b">with short explanations and a concordance to the Bombay and Calcutta editions and P. C. Roy's translation /</subfield>
    <subfield code="c">by the late S. Sörensen</subfield>
  </datafield>
  <datafield tag="260" ind1=" " ind2=" ">
    <subfield code="a">Delhi :</subfield>
    <subfield code="b">Motilal Banarsidass,</subfield>
    <subfield code="c">1963</subfield>
  </datafield>
  <datafield tag="300" ind1=" " ind2=" ">
    <subfield code="a">807 p.</subfield>
  </datafield>
  <datafield tag="700" ind1="1" ind2=" ">
    <subfield code="a">Roy, P. C.</subfield>
    <subfield code="e">tr.</subfield>
  </datafield>
  <datafield tag="942" ind1=" " ind2=" ">
    <subfield code="2">ddc</subfield>
    <subfield code="c">BK</subfield>
  </datafield>
  <datafield tag="952" ind1=" " ind2=" ">
    <subfield code="0">0</subfield>
    <subfield code="1">0</subfield>
    <subfield code="2">ddc</subfield>
    <subfield code="4">0</subfield>
    <subfield code="6">S_XIV_03_010000000000000</subfield>
    <subfield code="7">0</subfield>
    <subfield code="9">92</subfield>
    <subfield code="a">bb_ar</subfield>
    <subfield code="b">bb_ar</subfield>
    <subfield code="c">S</subfield>
    <subfield code="d">2016-10-29</subfield>
    <subfield code="o">S XIV 03 01</subfield>
    <subfield code="r">2016-10-29</subfield>
    <subfield code="t">ej.1</subfield>
    <subfield code="w">2016-10-29</subfield>
    <subfield code="y">BK</subfield>
  </datafield>
</record>