

<record>
  <leader>00411nam a22001457a 4500</leader>
  <datafield tag="999" ind1=" " ind2=" ">
    <subfield code="c">91</subfield>
    <subfield code="d">91</subfield>
  </datafield>
  <controlfield tag="003">OSt</controlfield>
  <controlfield tag="005">20161122072900.0</controlfield>
  <controlfield tag="008">161030b        xxu||||| |||| 00| 0 eng d</controlfield>
  <datafield tag="022" ind1=" " ind2=" ">
    <subfield code="a">0-915078-08-2</subfield>
  </datafield>
  <datafield tag="100" ind1="1" ind2=" ">
    <subfield code="a">Che, William Y.</subfield>
  </datafield>
  <datafield tag="245" ind1="1" ind2="2">
    <subfield code="a">A guide to Tao-Tsang Chi Yao /</subfield>
    <subfield code="c">by William Y. Chen</subfield>
  </datafield>
  <datafield tag="260" ind1=" " ind2=" ">
    <subfield code="a">New York :</subfield>
    <subfield code="b">The Institute for Advanced Studies of World Religions,</subfield>
    <subfield code="c">1987</subfield>
  </datafield>
  <datafield tag="300" ind1=" " ind2=" ">
    <subfield code="a">63 p.</subfield>
  </datafield>
  <datafield tag="942" ind1=" " ind2=" ">
    <subfield code="2">ddc</subfield>
    <subfield code="c">BK</subfield>
  </datafield>
  <datafield tag="952" ind1=" " ind2=" ">
    <subfield code="0">0</subfield>
    <subfield code="1">0</subfield>
    <subfield code="2">ddc</subfield>
    <subfield code="4">0</subfield>
    <subfield code="6">S_XIV_03_000000000000000_02B</subfield>
    <subfield code="7">0</subfield>
    <subfield code="9">96</subfield>
    <subfield code="a">bb_ar</subfield>
    <subfield code="b">bb_ar</subfield>
    <subfield code="c">O2</subfield>
    <subfield code="d">2016-10-30</subfield>
    <subfield code="o">S XIV 03 02b</subfield>
    <subfield code="r">2016-10-30</subfield>
    <subfield code="t">ej.1</subfield>
    <subfield code="w">2016-10-30</subfield>
    <subfield code="y">BK</subfield>
  </datafield>
</record>