

<record>
  <leader>00596nam a22001697a 4500</leader>
  <datafield tag="999" ind1=" " ind2=" ">
    <subfield code="c">93</subfield>
    <subfield code="d">93</subfield>
  </datafield>
  <controlfield tag="003">OSt</controlfield>
  <controlfield tag="005">20161122072900.0</controlfield>
  <controlfield tag="008">161030b        xxu||||| |||| 00| 0 eng d</controlfield>
  <datafield tag="100" ind1="1" ind2=" ">
    <subfield code="a">Siegling, Wilhelm</subfield>
  </datafield>
  <datafield tag="245" ind1="1" ind2="4">
    <subfield code="a">Ein glossar zu Asvaghosas Buddhacarita /</subfield>
    <subfield code="c">von Wilhelm Siegling</subfield>
  </datafield>
  <datafield tag="260" ind1=" " ind2=" ">
    <subfield code="a">Göttingen :</subfield>
    <subfield code="b">Universität Göttingen,</subfield>
    <subfield code="c">1985</subfield>
  </datafield>
  <datafield tag="300" ind1=" " ind2=" ">
    <subfield code="a">89 p.</subfield>
  </datafield>
  <datafield tag="490" ind1=" " ind2=" ">
    <subfield code="a">(Veröffentlichungen des Seminars für Indologie und Buddhismuskunde der Universität Göttingen ;</subfield>
    <subfield code="v">3)</subfield>
  </datafield>
  <datafield tag="501" ind1=" " ind2=" ">
    <subfield code="a">Mit einer biographischen einleitung von Ernst Waldschmidt.</subfield>
  </datafield>
  <datafield tag="700" ind1="1" ind2=" ">
    <subfield code="a">Waldschmidt, Ernst</subfield>
  </datafield>
  <datafield tag="942" ind1=" " ind2=" ">
    <subfield code="2">ddc</subfield>
    <subfield code="c">BK</subfield>
  </datafield>
  <datafield tag="952" ind1=" " ind2=" ">
    <subfield code="0">0</subfield>
    <subfield code="1">0</subfield>
    <subfield code="2">ddc</subfield>
    <subfield code="4">0</subfield>
    <subfield code="6">S_XIV_03_000000000000000_02D</subfield>
    <subfield code="7">0</subfield>
    <subfield code="9">98</subfield>
    <subfield code="a">bb_ar</subfield>
    <subfield code="b">bb_ar</subfield>
    <subfield code="c">O2</subfield>
    <subfield code="d">2016-10-30</subfield>
    <subfield code="o">S XIV 03 02d</subfield>
    <subfield code="r">2016-10-30</subfield>
    <subfield code="t">ej.1</subfield>
    <subfield code="w">2016-10-30</subfield>
    <subfield code="y">BK</subfield>
  </datafield>
</record>