

<record>
  <leader>00895nam a22002417a 4500</leader>
  <datafield tag="999" ind1=" " ind2=" ">
    <subfield code="c">96</subfield>
    <subfield code="d">96</subfield>
  </datafield>
  <controlfield tag="003">OSt</controlfield>
  <controlfield tag="005">20161122072901.0</controlfield>
  <controlfield tag="008">161105b        xxu||||| |||| 00| 0 eng d</controlfield>
  <datafield tag="245" ind1="0" ind2="0">
    <subfield code="a">Pali tipitakam concordance  :</subfield>
    <subfield code="b">being a concordance in Pali to the Three baskets of Buddhist Scriptures in the indian order of letters /</subfield>
    <subfield code="c">F. L. Woodward...[et al.]</subfield>
  </datafield>
  <datafield tag="260" ind1=" " ind2=" ">
    <subfield code="a">London :</subfield>
    <subfield code="b">Pali Text Society,</subfield>
    <subfield code="c">1952-1984</subfield>
  </datafield>
  <datafield tag="300" ind1=" " ind2=" ">
    <subfield code="a">3 v.</subfield>
  </datafield>
  <datafield tag="500" ind1=" " ind2=" ">
    <subfield code="a">Autores: "F. L. Woodward, E. M. Hare, K. R. Norman, A. K. Warder, N. R. Warder, H. Saddhatissa, Ivo Fiser, E. Strandberg, C. S. Upasak"</subfield>
  </datafield>
  <datafield tag="700" ind1="1" ind2=" ">
    <subfield code="a">Hare, E. M.</subfield>
    <subfield code="e">ed.</subfield>
  </datafield>
  <datafield tag="700" ind1="1" ind2=" ">
    <subfield code="a">Woodward,  F. L.</subfield>
  </datafield>
  <datafield tag="700" ind1="1" ind2=" ">
    <subfield code="a">Norman, K. R.</subfield>
    <subfield code="e">ed.</subfield>
  </datafield>
  <datafield tag="700" ind1="1" ind2=" ">
    <subfield code="a">Warder, A. K. </subfield>
    <subfield code="e">ed.</subfield>
  </datafield>
  <datafield tag="700" ind1="1" ind2=" ">
    <subfield code="a">Warder, N. R. </subfield>
    <subfield code="e">ed.</subfield>
  </datafield>
  <datafield tag="700" ind1="1" ind2=" ">
    <subfield code="a">Saddhatissa, H. </subfield>
    <subfield code="e">ed.</subfield>
  </datafield>
  <datafield tag="700" ind1="1" ind2=" ">
    <subfield code="a">Fiser, Ivo </subfield>
    <subfield code="e">ed.</subfield>
  </datafield>
  <datafield tag="700" ind1="1" ind2=" ">
    <subfield code="a">Strandberg, E. </subfield>
    <subfield code="e">ed.</subfield>
  </datafield>
  <datafield tag="700" ind1="1" ind2=" ">
    <subfield code="a">Upasak, C. S.</subfield>
    <subfield code="e">ed.</subfield>
  </datafield>
  <datafield tag="942" ind1=" " ind2=" ">
    <subfield code="2">ddc</subfield>
    <subfield code="c">BK</subfield>
  </datafield>
  <datafield tag="952" ind1=" " ind2=" ">
    <subfield code="0">0</subfield>
    <subfield code="1">0</subfield>
    <subfield code="2">ddc</subfield>
    <subfield code="4">0</subfield>
    <subfield code="6">S_XIV_03_000000000000000_07A</subfield>
    <subfield code="7">0</subfield>
    <subfield code="9">101</subfield>
    <subfield code="a">bb_ar</subfield>
    <subfield code="b">bb_ar</subfield>
    <subfield code="c">S</subfield>
    <subfield code="d">2016-11-05</subfield>
    <subfield code="h">v. 1 parte 1</subfield>
    <subfield code="o">S XIV 03 07a</subfield>
    <subfield code="r">2016-11-05</subfield>
    <subfield code="t">ej.1</subfield>
    <subfield code="w">2016-11-05</subfield>
    <subfield code="y">BK</subfield>
  </datafield>
  <datafield tag="952" ind1=" " ind2=" ">
    <subfield code="0">0</subfield>
    <subfield code="1">0</subfield>
    <subfield code="2">ddc</subfield>
    <subfield code="4">0</subfield>
    <subfield code="6">S_XIV_03_000000000000000_07B</subfield>
    <subfield code="7">0</subfield>
    <subfield code="9">102</subfield>
    <subfield code="a">bb_ar</subfield>
    <subfield code="b">bb_ar</subfield>
    <subfield code="c">S</subfield>
    <subfield code="d">2016-11-05</subfield>
    <subfield code="h">v. 1 parte 2</subfield>
    <subfield code="o">S XIV 03 07b</subfield>
    <subfield code="r">2016-11-05</subfield>
    <subfield code="t">ej.1</subfield>
    <subfield code="w">2016-11-05</subfield>
    <subfield code="y">BK</subfield>
  </datafield>
  <datafield tag="952" ind1=" " ind2=" ">
    <subfield code="0">0</subfield>
    <subfield code="1">0</subfield>
    <subfield code="2">ddc</subfield>
    <subfield code="4">0</subfield>
    <subfield code="6">S_XIV_03_000000000000000_07C</subfield>
    <subfield code="7">0</subfield>
    <subfield code="9">103</subfield>
    <subfield code="a">bb_ar</subfield>
    <subfield code="b">bb_ar</subfield>
    <subfield code="c">S</subfield>
    <subfield code="d">2016-11-05</subfield>
    <subfield code="h">v. 1 parte 3</subfield>
    <subfield code="o">S XIV 03 07c</subfield>
    <subfield code="r">2016-11-05</subfield>
    <subfield code="t">ej.1</subfield>
    <subfield code="w">2016-11-05</subfield>
    <subfield code="y">BK</subfield>
  </datafield>
  <datafield tag="952" ind1=" " ind2=" ">
    <subfield code="0">0</subfield>
    <subfield code="1">0</subfield>
    <subfield code="2">ddc</subfield>
    <subfield code="4">0</subfield>
    <subfield code="6">S_XIV_03_000000000000000_07D</subfield>
    <subfield code="7">0</subfield>
    <subfield code="9">104</subfield>
    <subfield code="a">bb_ar</subfield>
    <subfield code="b">bb_ar</subfield>
    <subfield code="c">S</subfield>
    <subfield code="d">2016-11-05</subfield>
    <subfield code="h">v. 1 parte 4</subfield>
    <subfield code="o">S XIV 03 07d</subfield>
    <subfield code="r">2016-11-05</subfield>
    <subfield code="t">ej.1</subfield>
    <subfield code="w">2016-11-05</subfield>
    <subfield code="y">BK</subfield>
  </datafield>
  <datafield tag="952" ind1=" " ind2=" ">
    <subfield code="0">0</subfield>
    <subfield code="1">0</subfield>
    <subfield code="2">ddc</subfield>
    <subfield code="4">0</subfield>
    <subfield code="6">S_XIV_03_000000000000000_07E</subfield>
    <subfield code="7">0</subfield>
    <subfield code="9">105</subfield>
    <subfield code="a">bb_ar</subfield>
    <subfield code="b">bb_ar</subfield>
    <subfield code="c">S</subfield>
    <subfield code="d">2016-11-05</subfield>
    <subfield code="h">v. 1 parte 5</subfield>
    <subfield code="o">S XIV 03 07e</subfield>
    <subfield code="r">2016-11-05</subfield>
    <subfield code="t">ej.1</subfield>
    <subfield code="w">2016-11-05</subfield>
    <subfield code="y">BK</subfield>
  </datafield>
  <datafield tag="952" ind1=" " ind2=" ">
    <subfield code="0">0</subfield>
    <subfield code="1">0</subfield>
    <subfield code="2">ddc</subfield>
    <subfield code="4">0</subfield>
    <subfield code="6">S_XIV_03_000000000000000_07F</subfield>
    <subfield code="7">0</subfield>
    <subfield code="9">106</subfield>
    <subfield code="a">bb_ar</subfield>
    <subfield code="b">bb_ar</subfield>
    <subfield code="c">S</subfield>
    <subfield code="d">2016-11-05</subfield>
    <subfield code="h">v. 1 parte 6</subfield>
    <subfield code="o">S XIV 03 07f</subfield>
    <subfield code="r">2016-11-05</subfield>
    <subfield code="t">ej.1</subfield>
    <subfield code="w">2016-11-05</subfield>
    <subfield code="y">BK</subfield>
  </datafield>
  <datafield tag="952" ind1=" " ind2=" ">
    <subfield code="0">0</subfield>
    <subfield code="1">0</subfield>
    <subfield code="2">ddc</subfield>
    <subfield code="4">0</subfield>
    <subfield code="6">S_XIV_03_000000000000000_07G</subfield>
    <subfield code="7">0</subfield>
    <subfield code="9">107</subfield>
    <subfield code="a">bb_ar</subfield>
    <subfield code="b">bb_ar</subfield>
    <subfield code="c">S</subfield>
    <subfield code="d">2016-11-05</subfield>
    <subfield code="h">v. 1 parte 7</subfield>
    <subfield code="o">S XIV 03 07g</subfield>
    <subfield code="r">2016-11-05</subfield>
    <subfield code="t">ej.1</subfield>
    <subfield code="w">2016-11-05</subfield>
    <subfield code="y">BK</subfield>
  </datafield>
  <datafield tag="952" ind1=" " ind2=" ">
    <subfield code="0">0</subfield>
    <subfield code="1">0</subfield>
    <subfield code="2">ddc</subfield>
    <subfield code="4">0</subfield>
    <subfield code="6">S_XIV_03_000000000000000_07H</subfield>
    <subfield code="7">0</subfield>
    <subfield code="9">108</subfield>
    <subfield code="a">bb_ar</subfield>
    <subfield code="b">bb_ar</subfield>
    <subfield code="c">S</subfield>
    <subfield code="d">2016-11-05</subfield>
    <subfield code="h">v. 2 parte 1</subfield>
    <subfield code="o">S XIV 03 07h</subfield>
    <subfield code="r">2016-11-05</subfield>
    <subfield code="t">ej.1</subfield>
    <subfield code="w">2016-11-05</subfield>
    <subfield code="y">BK</subfield>
  </datafield>
  <datafield tag="952" ind1=" " ind2=" ">
    <subfield code="0">0</subfield>
    <subfield code="1">0</subfield>
    <subfield code="2">ddc</subfield>
    <subfield code="4">0</subfield>
    <subfield code="6">S_XIV_03_000000000000000_07I</subfield>
    <subfield code="7">0</subfield>
    <subfield code="9">109</subfield>
    <subfield code="a">bb_ar</subfield>
    <subfield code="b">bb_ar</subfield>
    <subfield code="c">S</subfield>
    <subfield code="d">2016-11-05</subfield>
    <subfield code="h">v. 2 parte 2</subfield>
    <subfield code="o">S XIV 03 07i</subfield>
    <subfield code="r">2016-11-05</subfield>
    <subfield code="t">ej.1</subfield>
    <subfield code="w">2016-11-05</subfield>
    <subfield code="y">BK</subfield>
  </datafield>
  <datafield tag="952" ind1=" " ind2=" ">
    <subfield code="0">0</subfield>
    <subfield code="1">0</subfield>
    <subfield code="2">ddc</subfield>
    <subfield code="4">0</subfield>
    <subfield code="6">S_XIV_03_000000000000000_07J</subfield>
    <subfield code="7">0</subfield>
    <subfield code="9">110</subfield>
    <subfield code="a">bb_ar</subfield>
    <subfield code="b">bb_ar</subfield>
    <subfield code="c">S</subfield>
    <subfield code="d">2016-11-05</subfield>
    <subfield code="h">v. 2 parte 3</subfield>
    <subfield code="o">S XIV 03 07j</subfield>
    <subfield code="r">2016-11-05</subfield>
    <subfield code="t">ej.1</subfield>
    <subfield code="w">2016-11-05</subfield>
    <subfield code="y">BK</subfield>
  </datafield>
  <datafield tag="952" ind1=" " ind2=" ">
    <subfield code="0">0</subfield>
    <subfield code="1">0</subfield>
    <subfield code="2">ddc</subfield>
    <subfield code="4">0</subfield>
    <subfield code="6">S_XIV_03_000000000000000_07K</subfield>
    <subfield code="7">0</subfield>
    <subfield code="9">111</subfield>
    <subfield code="a">bb_ar</subfield>
    <subfield code="b">bb_ar</subfield>
    <subfield code="c">S</subfield>
    <subfield code="d">2016-11-05</subfield>
    <subfield code="h">v. 2 parte 4</subfield>
    <subfield code="o">S XIV 03 07k</subfield>
    <subfield code="r">2016-11-05</subfield>
    <subfield code="t">ej.1</subfield>
    <subfield code="w">2016-11-05</subfield>
    <subfield code="y">BK</subfield>
  </datafield>
  <datafield tag="952" ind1=" " ind2=" ">
    <subfield code="0">0</subfield>
    <subfield code="1">0</subfield>
    <subfield code="2">ddc</subfield>
    <subfield code="4">0</subfield>
    <subfield code="6">S_XIV_03_000000000000000_07L</subfield>
    <subfield code="7">0</subfield>
    <subfield code="9">112</subfield>
    <subfield code="a">bb_ar</subfield>
    <subfield code="b">bb_ar</subfield>
    <subfield code="c">S</subfield>
    <subfield code="d">2016-11-05</subfield>
    <subfield code="h">v. 2 parte 5</subfield>
    <subfield code="o">S XIV 03 07l</subfield>
    <subfield code="r">2016-11-05</subfield>
    <subfield code="t">ej.1</subfield>
    <subfield code="w">2016-11-05</subfield>
    <subfield code="y">BK</subfield>
  </datafield>
  <datafield tag="952" ind1=" " ind2=" ">
    <subfield code="0">0</subfield>
    <subfield code="1">0</subfield>
    <subfield code="2">ddc</subfield>
    <subfield code="4">0</subfield>
    <subfield code="6">S_XIV_03_000000000000000_07M</subfield>
    <subfield code="7">0</subfield>
    <subfield code="9">113</subfield>
    <subfield code="a">bb_ar</subfield>
    <subfield code="b">bb_ar</subfield>
    <subfield code="c">S</subfield>
    <subfield code="d">2016-11-05</subfield>
    <subfield code="h">v. 2 parte 6</subfield>
    <subfield code="o">S XIV 03 07m</subfield>
    <subfield code="r">2016-11-05</subfield>
    <subfield code="t">ej.1</subfield>
    <subfield code="w">2016-11-05</subfield>
    <subfield code="y">BK</subfield>
  </datafield>
  <datafield tag="952" ind1=" " ind2=" ">
    <subfield code="0">0</subfield>
    <subfield code="1">0</subfield>
    <subfield code="2">ddc</subfield>
    <subfield code="4">0</subfield>
    <subfield code="6">S_XIV_03_000000000000000_07N</subfield>
    <subfield code="7">0</subfield>
    <subfield code="9">114</subfield>
    <subfield code="a">bb_ar</subfield>
    <subfield code="b">bb_ar</subfield>
    <subfield code="c">S</subfield>
    <subfield code="d">2016-11-05</subfield>
    <subfield code="h">v. 2 parte 7</subfield>
    <subfield code="o">S XIV 03 07n</subfield>
    <subfield code="r">2016-11-05</subfield>
    <subfield code="t">ej.1</subfield>
    <subfield code="w">2016-11-05</subfield>
    <subfield code="y">BK</subfield>
  </datafield>
  <datafield tag="952" ind1=" " ind2=" ">
    <subfield code="0">0</subfield>
    <subfield code="1">0</subfield>
    <subfield code="2">ddc</subfield>
    <subfield code="4">0</subfield>
    <subfield code="6">S_XIV_03_000000000000000_07O</subfield>
    <subfield code="7">0</subfield>
    <subfield code="9">115</subfield>
    <subfield code="a">bb_ar</subfield>
    <subfield code="b">bb_ar</subfield>
    <subfield code="c">S</subfield>
    <subfield code="d">2016-11-05</subfield>
    <subfield code="h">v. 2 parte 8</subfield>
    <subfield code="o">S XIV 03 07o</subfield>
    <subfield code="r">2016-11-05</subfield>
    <subfield code="t">ej.1</subfield>
    <subfield code="w">2016-11-05</subfield>
    <subfield code="y">BK</subfield>
  </datafield>
  <datafield tag="952" ind1=" " ind2=" ">
    <subfield code="0">0</subfield>
    <subfield code="1">0</subfield>
    <subfield code="2">ddc</subfield>
    <subfield code="4">0</subfield>
    <subfield code="6">S_XIV_03_000000000000000_07P</subfield>
    <subfield code="7">0</subfield>
    <subfield code="9">116</subfield>
    <subfield code="a">bb_ar</subfield>
    <subfield code="b">bb_ar</subfield>
    <subfield code="c">S</subfield>
    <subfield code="d">2016-11-05</subfield>
    <subfield code="h">v. 2 parte 9</subfield>
    <subfield code="o">S XIV 03 07p</subfield>
    <subfield code="r">2016-11-05</subfield>
    <subfield code="t">ej.1</subfield>
    <subfield code="w">2016-11-05</subfield>
    <subfield code="y">BK</subfield>
  </datafield>
  <datafield tag="952" ind1=" " ind2=" ">
    <subfield code="0">0</subfield>
    <subfield code="1">0</subfield>
    <subfield code="2">ddc</subfield>
    <subfield code="4">0</subfield>
    <subfield code="6">S_XIV_03_000000000000000_07Q</subfield>
    <subfield code="7">0</subfield>
    <subfield code="9">117</subfield>
    <subfield code="a">bb_ar</subfield>
    <subfield code="b">bb_ar</subfield>
    <subfield code="c">S</subfield>
    <subfield code="d">2016-11-05</subfield>
    <subfield code="h">v. 3 parte 1</subfield>
    <subfield code="o">S XIV 03 07q</subfield>
    <subfield code="r">2016-11-05</subfield>
    <subfield code="t">ej.1</subfield>
    <subfield code="w">2016-11-05</subfield>
    <subfield code="y">BK</subfield>
  </datafield>
  <datafield tag="952" ind1=" " ind2=" ">
    <subfield code="0">0</subfield>
    <subfield code="1">0</subfield>
    <subfield code="2">ddc</subfield>
    <subfield code="4">0</subfield>
    <subfield code="6">S_XIV_03_000000000000000_07R</subfield>
    <subfield code="7">0</subfield>
    <subfield code="9">118</subfield>
    <subfield code="a">bb_ar</subfield>
    <subfield code="b">bb_ar</subfield>
    <subfield code="c">S</subfield>
    <subfield code="d">2016-11-05</subfield>
    <subfield code="h">v. 3 parte 2</subfield>
    <subfield code="o">S XIV 03 07r</subfield>
    <subfield code="r">2016-11-05</subfield>
    <subfield code="t">ej.1</subfield>
    <subfield code="w">2016-11-05</subfield>
    <subfield code="y">BK</subfield>
  </datafield>
  <datafield tag="952" ind1=" " ind2=" ">
    <subfield code="0">0</subfield>
    <subfield code="1">0</subfield>
    <subfield code="2">ddc</subfield>
    <subfield code="4">0</subfield>
    <subfield code="6">S_XIV_03_000000000000000_07S</subfield>
    <subfield code="7">0</subfield>
    <subfield code="9">119</subfield>
    <subfield code="a">bb_ar</subfield>
    <subfield code="b">bb_ar</subfield>
    <subfield code="c">S</subfield>
    <subfield code="d">2016-11-05</subfield>
    <subfield code="h">v. 3 parte 3</subfield>
    <subfield code="o">S XIV 03 07s</subfield>
    <subfield code="r">2016-11-05</subfield>
    <subfield code="t">ej.1</subfield>
    <subfield code="w">2016-11-05</subfield>
    <subfield code="y">BK</subfield>
  </datafield>
  <datafield tag="952" ind1=" " ind2=" ">
    <subfield code="0">0</subfield>
    <subfield code="1">0</subfield>
    <subfield code="2">ddc</subfield>
    <subfield code="4">0</subfield>
    <subfield code="6">S_XIV_03_000000000000000_07T</subfield>
    <subfield code="7">0</subfield>
    <subfield code="9">120</subfield>
    <subfield code="a">bb_ar</subfield>
    <subfield code="b">bb_ar</subfield>
    <subfield code="c">S</subfield>
    <subfield code="d">2016-11-05</subfield>
    <subfield code="h">v. 3 parte 4</subfield>
    <subfield code="o">S XIV 03 07t</subfield>
    <subfield code="r">2016-11-05</subfield>
    <subfield code="t">ej.1</subfield>
    <subfield code="w">2016-11-05</subfield>
    <subfield code="y">BK</subfield>
  </datafield>
  <datafield tag="952" ind1=" " ind2=" ">
    <subfield code="0">0</subfield>
    <subfield code="1">0</subfield>
    <subfield code="2">ddc</subfield>
    <subfield code="4">0</subfield>
    <subfield code="6">S_XIV_03_000000000000000_07U</subfield>
    <subfield code="7">0</subfield>
    <subfield code="9">121</subfield>
    <subfield code="a">bb_ar</subfield>
    <subfield code="b">bb_ar</subfield>
    <subfield code="c">S</subfield>
    <subfield code="d">2016-11-05</subfield>
    <subfield code="h">v. 3 parte 5</subfield>
    <subfield code="o">S XIV 03 07u</subfield>
    <subfield code="r">2016-11-05</subfield>
    <subfield code="t">ej.1</subfield>
    <subfield code="w">2016-11-05</subfield>
    <subfield code="y">BK</subfield>
  </datafield>
  <datafield tag="952" ind1=" " ind2=" ">
    <subfield code="0">0</subfield>
    <subfield code="1">0</subfield>
    <subfield code="2">ddc</subfield>
    <subfield code="4">0</subfield>
    <subfield code="6">S_XIV_03_000000000000000_07V</subfield>
    <subfield code="7">0</subfield>
    <subfield code="9">122</subfield>
    <subfield code="a">bb_ar</subfield>
    <subfield code="b">bb_ar</subfield>
    <subfield code="c">S</subfield>
    <subfield code="d">2016-11-05</subfield>
    <subfield code="h">v. 3 parte 6</subfield>
    <subfield code="o">S XIV 03 07v</subfield>
    <subfield code="r">2016-11-05</subfield>
    <subfield code="t">ej.1</subfield>
    <subfield code="w">2016-11-05</subfield>
    <subfield code="y">BK</subfield>
  </datafield>
</record>