

<record>
  <leader>01056cam a2200277   4500</leader>
  <datafield tag="999" ind1=" " ind2=" ">
    <subfield code="c">99</subfield>
    <subfield code="d">99</subfield>
  </datafield>
  <controlfield tag="001">1258259</controlfield>
  <controlfield tag="003">OSt</controlfield>
  <controlfield tag="005">20161127001448.0</controlfield>
  <controlfield tag="008">700105s1969    enk           000 0 eng  </controlfield>
  <datafield tag="010" ind1=" " ind2=" ">
    <subfield code="a">   73436914 </subfield>
  </datafield>
  <datafield tag="015" ind1=" " ind2=" ">
    <subfield code="a">B69-11988</subfield>
  </datafield>
  <datafield tag="020" ind1=" " ind2=" ">
    <subfield code="a">0718905776</subfield>
  </datafield>
  <datafield tag="041" ind1="1" ind2=" ">
    <subfield code="a">Eng</subfield>
    <subfield code="a">pal</subfield>
  </datafield>
  <datafield tag="050" ind1="0" ind2="0">
    <subfield code="a">BQ2567</subfield>
    <subfield code="a">PK4541</subfield>
    <subfield code="b">.P5 no. 37</subfield>
  </datafield>
  <datafield tag="082" ind1="0" ind2="0">
    <subfield code="a">294.3/824</subfield>
  </datafield>
  <datafield tag="130" ind1="0" ind2=" ">
    <subfield code="a">Tipiṭaka.</subfield>
    <subfield code="p">Abhidhammapiṭaka.</subfield>
    <subfield code="p">Paṭṭhāna.</subfield>
    <subfield code="l">English</subfield>
  </datafield>
  <datafield tag="245" ind1="1" ind2="0">
    <subfield code="a">Conditional relations (Paṭṭhāna.):</subfield>
    <subfield code="b">being vol. 1 of the Chatthasangāyana text of the seventh book of the Abhidhamma Pitaka,</subfield>
    <subfield code="c">a translation by U. Nārada Mūla Paṭṭhāna Sayadaw assisted by Thein Nyun.</subfield>
  </datafield>
  <datafield tag="260" ind1=" " ind2=" ">
    <subfield code="a">London,</subfield>
    <subfield code="b">published for the Pali Text Society by Luzac,</subfield>
    <subfield code="c">1969.</subfield>
  </datafield>
  <datafield tag="300" ind1=" " ind2=" ">
    <subfield code="a">cxxxi, 526, [2] p.</subfield>
    <subfield code="c">23 cm.</subfield>
  </datafield>
  <datafield tag="350" ind1=" " ind2=" ">
    <subfield code="a">8/15/-</subfield>
  </datafield>
  <datafield tag="490" ind1="1" ind2=" ">
    <subfield code="a">Pali Text Society. Translation series, no. 37</subfield>
  </datafield>
  <datafield tag="700" ind1="1" ind2=" ">
    <subfield code="a">Narada,</subfield>
    <subfield code="c">Mūla Paṭṭhāna Sayadaw, U</subfield>
    <subfield code="e">tr.</subfield>
  </datafield>
  <datafield tag="830" ind1=" " ind2="0">
    <subfield code="a">Translation series (London, England) ;</subfield>
    <subfield code="v">no. 37.</subfield>
  </datafield>
  <datafield tag="906" ind1=" " ind2=" ">
    <subfield code="a">7</subfield>
    <subfield code="b">cbu</subfield>
    <subfield code="c">orignew</subfield>
    <subfield code="d">u</subfield>
    <subfield code="e">ncip</subfield>
    <subfield code="f">19</subfield>
    <subfield code="g">y-gencatlg</subfield>
  </datafield>
  <datafield tag="942" ind1=" " ind2=" ">
    <subfield code="2">ddc</subfield>
    <subfield code="c">BK</subfield>
  </datafield>
  <datafield tag="952" ind1=" " ind2=" ">
    <subfield code="0">0</subfield>
    <subfield code="1">0</subfield>
    <subfield code="2">ddc</subfield>
    <subfield code="4">0</subfield>
    <subfield code="6">294_300000000000000_824</subfield>
    <subfield code="7">0</subfield>
    <subfield code="9">125</subfield>
    <subfield code="a">bb_ar</subfield>
    <subfield code="b">bb_ar</subfield>
    <subfield code="d">2016-11-05</subfield>
    <subfield code="o">294.3/824</subfield>
    <subfield code="r">2016-11-05</subfield>
    <subfield code="w">2016-11-05</subfield>
    <subfield code="y">BK</subfield>
  </datafield>
</record>