

<record>
  <leader>00376nam a22001457a 4500</leader>
  <datafield tag="999" ind1=" " ind2=" ">
    <subfield code="c">102</subfield>
    <subfield code="d">102</subfield>
  </datafield>
  <controlfield tag="003">OSt</controlfield>
  <controlfield tag="005">20161122072902.0</controlfield>
  <controlfield tag="008">161106b        xxu||||| |||| 00| 0 eng d</controlfield>
  <datafield tag="041" ind1=" " ind2=" ">
    <subfield code="a">fre</subfield>
  </datafield>
  <datafield tag="100" ind1="1" ind2=" ">
    <subfield code="a">Renou, Louis</subfield>
  </datafield>
  <datafield tag="245" ind1="1" ind2="0">
    <subfield code="a">Grammaire sanskrite élémentaire /</subfield>
    <subfield code="c">Louis Renou</subfield>
  </datafield>
  <datafield tag="260" ind1=" " ind2=" ">
    <subfield code="a">Paris :</subfield>
    <subfield code="b">Librairie d'Amérique et d'Orient,</subfield>
    <subfield code="c">1946</subfield>
  </datafield>
  <datafield tag="300" ind1=" " ind2=" ">
    <subfield code="a">108 p.</subfield>
  </datafield>
  <datafield tag="942" ind1=" " ind2=" ">
    <subfield code="2">ddc</subfield>
    <subfield code="c">BK</subfield>
  </datafield>
  <datafield tag="952" ind1=" " ind2=" ">
    <subfield code="0">0</subfield>
    <subfield code="1">0</subfield>
    <subfield code="2">ddc</subfield>
    <subfield code="4">0</subfield>
    <subfield code="6">S_XIV_03_160000000000000</subfield>
    <subfield code="7">0</subfield>
    <subfield code="9">129</subfield>
    <subfield code="a">bb_ar</subfield>
    <subfield code="b">bb_ar</subfield>
    <subfield code="c">S</subfield>
    <subfield code="d">2016-11-06</subfield>
    <subfield code="o">S XIV 03 16</subfield>
    <subfield code="r">2016-11-06</subfield>
    <subfield code="t">ej.1</subfield>
    <subfield code="w">2016-11-06</subfield>
    <subfield code="y">BK</subfield>
  </datafield>
</record>