

<record>
  <leader>00429nam a22001577a 4500</leader>
  <datafield tag="999" ind1=" " ind2=" ">
    <subfield code="c">104</subfield>
    <subfield code="d">104</subfield>
  </datafield>
  <controlfield tag="003">OSt</controlfield>
  <controlfield tag="005">20161122072902.0</controlfield>
  <controlfield tag="008">161106b        xxu||||| |||| 00| 0 eng d</controlfield>
  <datafield tag="041" ind1=" " ind2=" ">
    <subfield code="a">eng</subfield>
  </datafield>
  <datafield tag="100" ind1="1" ind2=" ">
    <subfield code="a">Brandt, J. J.</subfield>
  </datafield>
  <datafield tag="245" ind1="1" ind2="0">
    <subfield code="a">Wenli particles /</subfield>
    <subfield code="c">by J. J. Brandt with a foreword by Hardy Jowett</subfield>
  </datafield>
  <datafield tag="260" ind1=" " ind2=" ">
    <subfield code="a">Taipei :</subfield>
    <subfield code="b">Ch'Eng Wen Publishing Company,</subfield>
    <subfield code="c">1972</subfield>
  </datafield>
  <datafield tag="300" ind1=" " ind2=" ">
    <subfield code="a">172 p.</subfield>
  </datafield>
  <datafield tag="700" ind1="1" ind2=" ">
    <subfield code="a">Jowett, Hardy</subfield>
    <subfield code="e">prol.</subfield>
  </datafield>
  <datafield tag="942" ind1=" " ind2=" ">
    <subfield code="2">ddc</subfield>
    <subfield code="c">BK</subfield>
  </datafield>
  <datafield tag="952" ind1=" " ind2=" ">
    <subfield code="0">0</subfield>
    <subfield code="1">0</subfield>
    <subfield code="2">ddc</subfield>
    <subfield code="4">0</subfield>
    <subfield code="6">S_XIV_03_180000000000000</subfield>
    <subfield code="7">0</subfield>
    <subfield code="9">131</subfield>
    <subfield code="a">bb_ar</subfield>
    <subfield code="b">bb_ar</subfield>
    <subfield code="c">S</subfield>
    <subfield code="d">2016-11-06</subfield>
    <subfield code="o">S XIV 03 18</subfield>
    <subfield code="r">2016-11-06</subfield>
    <subfield code="t">ej.1</subfield>
    <subfield code="w">2016-11-06</subfield>
    <subfield code="y">BK</subfield>
  </datafield>
</record>