

<record>
  <leader>00474nam a22001697a 4500</leader>
  <datafield tag="999" ind1=" " ind2=" ">
    <subfield code="c">105</subfield>
    <subfield code="d">105</subfield>
  </datafield>
  <controlfield tag="003">OSt</controlfield>
  <controlfield tag="005">20161122072902.0</controlfield>
  <controlfield tag="008">161106b        xxu||||| |||| 00| 0 eng d</controlfield>
  <datafield tag="020" ind1=" " ind2=" ">
    <subfield code="a">3-447-01634-5</subfield>
  </datafield>
  <datafield tag="040" ind1=" " ind2=" ">
    <subfield code="a">ger</subfield>
  </datafield>
  <datafield tag="100" ind1="1" ind2=" ">
    <subfield code="a">Lewin, Bruno</subfield>
  </datafield>
  <datafield tag="245" ind1="1" ind2="0">
    <subfield code="a">Abriss der japanischen grammatik :</subfield>
    <subfield code="b">auf der grundlage der klassischen schriftsprache /</subfield>
    <subfield code="c">von Bruno Lewin</subfield>
  </datafield>
  <datafield tag="250" ind1=" " ind2=" ">
    <subfield code="a">2e aufl.</subfield>
  </datafield>
  <datafield tag="260" ind1=" " ind2=" ">
    <subfield code="a">Wiesbaden :</subfield>
    <subfield code="b">Otto Harrassowitz,</subfield>
    <subfield code="c">1975</subfield>
  </datafield>
  <datafield tag="300" ind1=" " ind2=" ">
    <subfield code="a">270 p.</subfield>
  </datafield>
  <datafield tag="942" ind1=" " ind2=" ">
    <subfield code="2">ddc</subfield>
    <subfield code="c">BK</subfield>
  </datafield>
  <datafield tag="952" ind1=" " ind2=" ">
    <subfield code="0">0</subfield>
    <subfield code="1">0</subfield>
    <subfield code="2">ddc</subfield>
    <subfield code="4">0</subfield>
    <subfield code="6">S_XIV_03_190000000000000</subfield>
    <subfield code="7">0</subfield>
    <subfield code="9">132</subfield>
    <subfield code="a">bb_ar</subfield>
    <subfield code="b">bb_ar</subfield>
    <subfield code="c">S</subfield>
    <subfield code="d">2016-11-06</subfield>
    <subfield code="o">S XIV 03 19</subfield>
    <subfield code="r">2016-11-06</subfield>
    <subfield code="t">ej.1</subfield>
    <subfield code="w">2016-11-06</subfield>
    <subfield code="y">BK</subfield>
  </datafield>
</record>