

<record>
  <leader>00500nam a22001817a 4500</leader>
  <datafield tag="999" ind1=" " ind2=" ">
    <subfield code="c">106</subfield>
    <subfield code="d">106</subfield>
  </datafield>
  <controlfield tag="003">OSt</controlfield>
  <controlfield tag="005">20161122072902.0</controlfield>
  <controlfield tag="008">161106b        xxu||||| |||| 00| 0 eng d</controlfield>
  <datafield tag="020" ind1=" " ind2=" ">
    <subfield code="a">0-8044-0217-5</subfield>
  </datafield>
  <datafield tag="041" ind1=" " ind2=" ">
    <subfield code="a">eng</subfield>
  </datafield>
  <datafield tag="100" ind1="1" ind2=" ">
    <subfield code="a">Jäschke, H. A.</subfield>
  </datafield>
  <datafield tag="245" ind1="1" ind2="0">
    <subfield code="a">Tibetan grammar /</subfield>
    <subfield code="c">H. A. Jäschke</subfield>
  </datafield>
  <datafield tag="260" ind1=" " ind2=" ">
    <subfield code="a">New York :</subfield>
    <subfield code="b">Frederick Ungar Publishing Co.,</subfield>
    <subfield code="c">1972imp.</subfield>
  </datafield>
  <datafield tag="300" ind1=" " ind2=" ">
    <subfield code="a">126 p.</subfield>
  </datafield>
  <datafield tag="500" ind1=" " ind2=" ">
    <subfield code="a">Supplement of readings with vocabulary by John L. Mish.</subfield>
  </datafield>
  <datafield tag="700" ind1="1" ind2=" ">
    <subfield code="a">Mish, John L.</subfield>
  </datafield>
  <datafield tag="942" ind1=" " ind2=" ">
    <subfield code="2">ddc</subfield>
    <subfield code="c">BK</subfield>
  </datafield>
  <datafield tag="952" ind1=" " ind2=" ">
    <subfield code="0">0</subfield>
    <subfield code="1">0</subfield>
    <subfield code="2">ddc</subfield>
    <subfield code="4">0</subfield>
    <subfield code="6">S_XIV_03_200000000000000</subfield>
    <subfield code="7">0</subfield>
    <subfield code="9">133</subfield>
    <subfield code="a">bb_ar</subfield>
    <subfield code="b">bb_ar</subfield>
    <subfield code="c">S</subfield>
    <subfield code="d">2016-11-06</subfield>
    <subfield code="o">S XIV 03 20</subfield>
    <subfield code="r">2016-11-06</subfield>
    <subfield code="t">ej.1</subfield>
    <subfield code="w">2016-11-06</subfield>
    <subfield code="y">BK</subfield>
  </datafield>
</record>