

<record>
  <leader>00461nam a22001697a 4500</leader>
  <datafield tag="999" ind1=" " ind2=" ">
    <subfield code="c">111</subfield>
    <subfield code="d">111</subfield>
  </datafield>
  <controlfield tag="003">OSt</controlfield>
  <controlfield tag="005">20161122072903.0</controlfield>
  <controlfield tag="008">161106b        xxu||||| |||| 00| 0 eng d</controlfield>
  <datafield tag="020" ind1=" " ind2=" ">
    <subfield code="a">2-7084-0362-1</subfield>
  </datafield>
  <datafield tag="041" ind1=" " ind2=" ">
    <subfield code="a">fre</subfield>
  </datafield>
  <datafield tag="100" ind1="1" ind2=" ">
    <subfield code="a">Filliozat, Pierre-Sylvain</subfield>
  </datafield>
  <datafield tag="245" ind1="1" ind2="0">
    <subfield code="a">Grammaire sanskrite pâninéenne /</subfield>
    <subfield code="c">par Pierre-Sylvain Filliozat</subfield>
  </datafield>
  <datafield tag="260" ind1=" " ind2=" ">
    <subfield code="a">Paris :</subfield>
    <subfield code="b">Picard,</subfield>
    <subfield code="c">1988</subfield>
  </datafield>
  <datafield tag="300" ind1=" " ind2=" ">
    <subfield code="a">185 p.</subfield>
  </datafield>
  <datafield tag="490" ind1=" " ind2=" ">
    <subfield code="a">(Collection connaisance des langues)</subfield>
  </datafield>
  <datafield tag="942" ind1=" " ind2=" ">
    <subfield code="2">ddc</subfield>
    <subfield code="c">BK</subfield>
  </datafield>
  <datafield tag="952" ind1=" " ind2=" ">
    <subfield code="0">0</subfield>
    <subfield code="1">0</subfield>
    <subfield code="2">ddc</subfield>
    <subfield code="4">0</subfield>
    <subfield code="6">S_XIV_03_250000000000000</subfield>
    <subfield code="7">0</subfield>
    <subfield code="9">138</subfield>
    <subfield code="a">bb_ar</subfield>
    <subfield code="b">bb_ar</subfield>
    <subfield code="c">S</subfield>
    <subfield code="d">2016-11-06</subfield>
    <subfield code="o">S XIV 03 25</subfield>
    <subfield code="r">2016-11-06</subfield>
    <subfield code="t">ej.1</subfield>
    <subfield code="w">2016-11-06</subfield>
    <subfield code="y">BK</subfield>
  </datafield>
</record>