

<record>
  <leader>00541nam a2200181Ia 4500</leader>
  <datafield tag="999" ind1=" " ind2=" ">
    <subfield code="c">114</subfield>
    <subfield code="d">114</subfield>
  </datafield>
  <controlfield tag="003">OSt</controlfield>
  <controlfield tag="005">20161122072903.0</controlfield>
  <controlfield tag="008">160622s9999    xx            000 0 und d</controlfield>
  <datafield tag="020" ind1=" " ind2=" ">
    <subfield code="a">2-503-50865-0</subfield>
  </datafield>
  <datafield tag="040" ind1=" " ind2=" ">
    <subfield code="a">Biblioteca Budista</subfield>
  </datafield>
  <datafield tag="041" ind1=" " ind2=" ">
    <subfield code="a">fre</subfield>
  </datafield>
  <datafield tag="100" ind1="1" ind2=" ">
    <subfield code="a">Bronkhorst, Johannes</subfield>
  </datafield>
  <datafield tag="245" ind1="1" ind2="0">
    <subfield code="a">Langage et réalité :</subfield>
    <subfield code="b">sur un épisode de la pensée indienne /</subfield>
    <subfield code="c">Johannes Bronkhorst</subfield>
  </datafield>
  <datafield tag="260" ind1=" " ind2=" ">
    <subfield code="a">Turnhout :</subfield>
    <subfield code="b">Brepols Publisher,</subfield>
    <subfield code="c">1999</subfield>
  </datafield>
  <datafield tag="300" ind1=" " ind2=" ">
    <subfield code="a">80 p.</subfield>
  </datafield>
  <datafield tag="490" ind1=" " ind2=" ">
    <subfield code="a">(Bibliotheque de l'École des Hautes Études ;</subfield>
    <subfield code="v">105)</subfield>
  </datafield>
  <datafield tag="942" ind1=" " ind2=" ">
    <subfield code="2">ddc</subfield>
    <subfield code="c">BK</subfield>
  </datafield>
  <datafield tag="952" ind1=" " ind2=" ">
    <subfield code="0">0</subfield>
    <subfield code="1">0</subfield>
    <subfield code="2">ddc</subfield>
    <subfield code="4">0</subfield>
    <subfield code="6">O_2_000000000000000_XXV_07_08</subfield>
    <subfield code="7">0</subfield>
    <subfield code="9">141</subfield>
    <subfield code="a">bb_ar</subfield>
    <subfield code="b">bb_ar</subfield>
    <subfield code="c">O2</subfield>
    <subfield code="d">2016-11-11</subfield>
    <subfield code="o">O2 XXV 07 08</subfield>
    <subfield code="r">2016-11-11</subfield>
    <subfield code="t">ej. 1</subfield>
    <subfield code="w">2016-11-11</subfield>
    <subfield code="y">BK</subfield>
  </datafield>
</record>