

<record>
  <leader>00443nam a22001457a 4500</leader>
  <datafield tag="999" ind1=" " ind2=" ">
    <subfield code="c">117</subfield>
    <subfield code="d">117</subfield>
  </datafield>
  <controlfield tag="003">OSt</controlfield>
  <controlfield tag="005">20161122072903.0</controlfield>
  <controlfield tag="008">161112b        xxu||||| |||| 00| 0 eng d</controlfield>
  <datafield tag="020" ind1=" " ind2=" ">
    <subfield code="a">0-88139-353-3</subfield>
  </datafield>
  <datafield tag="100" ind1="1" ind2=" ">
    <subfield code="a">Epstein, Ronald B.</subfield>
    <subfield code="e">comp.</subfield>
  </datafield>
  <datafield tag="245" ind1="1" ind2="0">
    <subfield code="a">Buddhist Text Translation Society's Buddhism A to Z : /</subfield>
    <subfield code="c">compiled by Ronald B. Epstein</subfield>
  </datafield>
  <datafield tag="260" ind1=" " ind2=" ">
    <subfield code="a">California :</subfield>
    <subfield code="b">Buddhist Text Translation Society,</subfield>
    <subfield code="c">c2003</subfield>
  </datafield>
  <datafield tag="300" ind1=" " ind2=" ">
    <subfield code="a">284 p.</subfield>
  </datafield>
  <datafield tag="942" ind1=" " ind2=" ">
    <subfield code="2">ddc</subfield>
    <subfield code="c">BK</subfield>
  </datafield>
  <datafield tag="952" ind1=" " ind2=" ">
    <subfield code="0">0</subfield>
    <subfield code="1">0</subfield>
    <subfield code="2">ddc</subfield>
    <subfield code="4">0</subfield>
    <subfield code="6">S_XIV_03_290000000000000</subfield>
    <subfield code="7">0</subfield>
    <subfield code="9">144</subfield>
    <subfield code="a">bb_ar</subfield>
    <subfield code="b">bb_ar</subfield>
    <subfield code="c">S</subfield>
    <subfield code="d">2016-11-12</subfield>
    <subfield code="o">S XIV 03 29</subfield>
    <subfield code="r">2016-11-12</subfield>
    <subfield code="t">ej.1</subfield>
    <subfield code="w">2016-11-12</subfield>
    <subfield code="y">BK</subfield>
  </datafield>
</record>