

<record>
  <leader>00477nam a22001577a 4500</leader>
  <datafield tag="999" ind1=" " ind2=" ">
    <subfield code="c">118</subfield>
    <subfield code="d">118</subfield>
  </datafield>
  <controlfield tag="003">OSt</controlfield>
  <controlfield tag="005">20161122072903.0</controlfield>
  <controlfield tag="008">161112b        xxu||||| |||| 00| 0 eng d</controlfield>
  <datafield tag="041" ind1=" " ind2=" ">
    <subfield code="a">ger</subfield>
  </datafield>
  <datafield tag="100" ind1="1" ind2=" ">
    <subfield code="a">Menge, Hermann</subfield>
  </datafield>
  <datafield tag="245" ind1="0" ind2="0">
    <subfield code="a">Menge-Güthling :</subfield>
    <subfield code="b">enzyklopädisches wörterbuch der lateinischen und deutschen sprache  /</subfield>
    <subfield code="c">von Hermann Menge und Otto Güthling</subfield>
  </datafield>
  <datafield tag="260" ind1=" " ind2=" ">
    <subfield code="a">Berlin :</subfield>
    <subfield code="b">Langenscheidt Kg,</subfield>
    <subfield code="c">1962-1963</subfield>
  </datafield>
  <datafield tag="300" ind1=" " ind2=" ">
    <subfield code="a">2 v.</subfield>
  </datafield>
  <datafield tag="700" ind1="1" ind2=" ">
    <subfield code="a">Güthling, Otto</subfield>
  </datafield>
  <datafield tag="942" ind1=" " ind2=" ">
    <subfield code="2">ddc</subfield>
    <subfield code="c">BK</subfield>
  </datafield>
  <datafield tag="952" ind1=" " ind2=" ">
    <subfield code="0">0</subfield>
    <subfield code="1">0</subfield>
    <subfield code="2">ddc</subfield>
    <subfield code="4">0</subfield>
    <subfield code="6">S_XIV_03_300000000000000</subfield>
    <subfield code="7">0</subfield>
    <subfield code="9">145</subfield>
    <subfield code="a">bb_ar</subfield>
    <subfield code="b">bb_ar</subfield>
    <subfield code="c">S</subfield>
    <subfield code="d">2016-11-12</subfield>
    <subfield code="h">v.1</subfield>
    <subfield code="o">S XIV 03 30</subfield>
    <subfield code="r">2016-11-12</subfield>
    <subfield code="t">ej.1</subfield>
    <subfield code="w">2016-11-12</subfield>
    <subfield code="y">BK</subfield>
  </datafield>
  <datafield tag="952" ind1=" " ind2=" ">
    <subfield code="0">0</subfield>
    <subfield code="1">0</subfield>
    <subfield code="2">ddc</subfield>
    <subfield code="4">0</subfield>
    <subfield code="6">S_XIV_03_310000000000000</subfield>
    <subfield code="7">0</subfield>
    <subfield code="9">146</subfield>
    <subfield code="a">bb_ar</subfield>
    <subfield code="b">bb_ar</subfield>
    <subfield code="c">S</subfield>
    <subfield code="d">2016-11-12</subfield>
    <subfield code="h">v.2</subfield>
    <subfield code="o">S XIV 03 31</subfield>
    <subfield code="r">2016-11-12</subfield>
    <subfield code="t">ej.1</subfield>
    <subfield code="w">2016-11-12</subfield>
    <subfield code="y">BK</subfield>
  </datafield>
</record>