

<record>
  <leader>00377nam a22001457a 4500</leader>
  <datafield tag="999" ind1=" " ind2=" ">
    <subfield code="c">122</subfield>
    <subfield code="d">122</subfield>
  </datafield>
  <controlfield tag="003">OSt</controlfield>
  <controlfield tag="005">20161122072903.0</controlfield>
  <controlfield tag="008">161112b        xxu||||| |||| 00| 0 eng d</controlfield>
  <datafield tag="041" ind1=" " ind2=" ">
    <subfield code="a">eng</subfield>
  </datafield>
  <datafield tag="100" ind1="1" ind2=" ">
    <subfield code="a">Hiriyanna, M.</subfield>
  </datafield>
  <datafield tag="245" ind1="1" ind2="0">
    <subfield code="a">Popular essays in indian philosophy /</subfield>
    <subfield code="c">by Prof. M. Hiriyanna</subfield>
  </datafield>
  <datafield tag="260" ind1=" " ind2=" ">
    <subfield code="a">Mysore :</subfield>
    <subfield code="b">Kavyalaya Publishers,</subfield>
    <subfield code="c">1952</subfield>
  </datafield>
  <datafield tag="300" ind1=" " ind2=" ">
    <subfield code="a">114 p.</subfield>
  </datafield>
  <datafield tag="942" ind1=" " ind2=" ">
    <subfield code="2">ddc</subfield>
    <subfield code="c">BK</subfield>
  </datafield>
  <datafield tag="952" ind1=" " ind2=" ">
    <subfield code="0">0</subfield>
    <subfield code="1">0</subfield>
    <subfield code="2">ddc</subfield>
    <subfield code="4">0</subfield>
    <subfield code="6">S_XIV_04_050000000000000</subfield>
    <subfield code="7">0</subfield>
    <subfield code="9">150</subfield>
    <subfield code="a">bb_ar</subfield>
    <subfield code="b">bb_ar</subfield>
    <subfield code="c">S</subfield>
    <subfield code="d">2016-11-12</subfield>
    <subfield code="o">S XIV 04 05</subfield>
    <subfield code="r">2016-11-12</subfield>
    <subfield code="t">ej.1</subfield>
    <subfield code="w">2016-11-12</subfield>
    <subfield code="y">BK</subfield>
  </datafield>
</record>