

<record>
  <leader>00676nam a22001817a 4500</leader>
  <datafield tag="999" ind1=" " ind2=" ">
    <subfield code="c">124</subfield>
    <subfield code="d">124</subfield>
  </datafield>
  <controlfield tag="003">OSt</controlfield>
  <controlfield tag="005">20161122072903.0</controlfield>
  <controlfield tag="008">161113b        xxu||||| |||| 00| 0 eng d</controlfield>
  <datafield tag="041" ind1=" " ind2=" ">
    <subfield code="a">eng</subfield>
  </datafield>
  <datafield tag="100" ind1="1" ind2=" ">
    <subfield code="a">Bhandarkar, R. G.</subfield>
  </datafield>
  <datafield tag="245" ind1="1" ind2="0">
    <subfield code="a">Collected works of Sir R. G. Bhandarkar :</subfield>
    <subfield code="b">comprising miscellaneous articles, reviews, addresses /</subfield>
    <subfield code="c">R. G. Bhandarkar ; edited by Narayana Bapuji Utgikar and Vasudev Gopal Paranjpe</subfield>
  </datafield>
  <datafield tag="260" ind1=" " ind2=" ">
    <subfield code="a">Poona :</subfield>
    <subfield code="b">Bhandarkar Oriental Research Institute,</subfield>
    <subfield code="c">1927-1933</subfield>
  </datafield>
  <datafield tag="300" ind1=" " ind2=" ">
    <subfield code="a">4 v.</subfield>
  </datafield>
  <datafield tag="490" ind1=" " ind2=" ">
    <subfield code="a">(Government oriental series ;</subfield>
    <subfield code="v">class B, no. 1-4)</subfield>
  </datafield>
  <datafield tag="700" ind1="1" ind2=" ">
    <subfield code="a">Utgikar, Narayana Bapuji</subfield>
    <subfield code="e">ed.</subfield>
  </datafield>
  <datafield tag="700" ind1="1" ind2=" ">
    <subfield code="a">Paranjpe, Vasudev Gopal</subfield>
    <subfield code="e">ed.</subfield>
  </datafield>
  <datafield tag="942" ind1=" " ind2=" ">
    <subfield code="2">ddc</subfield>
    <subfield code="c">BK</subfield>
  </datafield>
  <datafield tag="952" ind1=" " ind2=" ">
    <subfield code="0">0</subfield>
    <subfield code="1">0</subfield>
    <subfield code="2">ddc</subfield>
    <subfield code="4">0</subfield>
    <subfield code="6">S_XIV_04_070000000000000</subfield>
    <subfield code="7">0</subfield>
    <subfield code="9">153</subfield>
    <subfield code="a">bb_ar</subfield>
    <subfield code="b">bb_ar</subfield>
    <subfield code="c">S</subfield>
    <subfield code="d">2016-11-13</subfield>
    <subfield code="h">v.1</subfield>
    <subfield code="o">S XIV 04 07</subfield>
    <subfield code="r">2016-11-13</subfield>
    <subfield code="t">ej.1</subfield>
    <subfield code="w">2016-11-13</subfield>
    <subfield code="y">BK</subfield>
  </datafield>
  <datafield tag="952" ind1=" " ind2=" ">
    <subfield code="0">0</subfield>
    <subfield code="1">0</subfield>
    <subfield code="2">ddc</subfield>
    <subfield code="4">0</subfield>
    <subfield code="6">S_XIV_04_080000000000000</subfield>
    <subfield code="7">0</subfield>
    <subfield code="9">154</subfield>
    <subfield code="a">bb_ar</subfield>
    <subfield code="b">bb_ar</subfield>
    <subfield code="c">S</subfield>
    <subfield code="d">2016-11-13</subfield>
    <subfield code="h">v.2</subfield>
    <subfield code="o">S XIV 04 08</subfield>
    <subfield code="r">2016-11-13</subfield>
    <subfield code="t">ej.1</subfield>
    <subfield code="w">2016-11-13</subfield>
    <subfield code="y">BK</subfield>
  </datafield>
  <datafield tag="952" ind1=" " ind2=" ">
    <subfield code="0">0</subfield>
    <subfield code="1">0</subfield>
    <subfield code="2">ddc</subfield>
    <subfield code="4">0</subfield>
    <subfield code="6">S_XIV_04_090000000000000</subfield>
    <subfield code="7">0</subfield>
    <subfield code="9">155</subfield>
    <subfield code="a">bb_ar</subfield>
    <subfield code="b">bb_ar</subfield>
    <subfield code="c">S</subfield>
    <subfield code="d">2016-11-13</subfield>
    <subfield code="h">v.3</subfield>
    <subfield code="o">S XIV 04 09</subfield>
    <subfield code="r">2016-11-13</subfield>
    <subfield code="t">ej.1</subfield>
    <subfield code="w">2016-11-13</subfield>
    <subfield code="y">BK</subfield>
  </datafield>
  <datafield tag="952" ind1=" " ind2=" ">
    <subfield code="0">0</subfield>
    <subfield code="1">0</subfield>
    <subfield code="2">ddc</subfield>
    <subfield code="4">0</subfield>
    <subfield code="6">S_XIV_04_100000000000000</subfield>
    <subfield code="7">0</subfield>
    <subfield code="9">156</subfield>
    <subfield code="a">bb_ar</subfield>
    <subfield code="b">bb_ar</subfield>
    <subfield code="c">S</subfield>
    <subfield code="d">2016-11-13</subfield>
    <subfield code="h">v.4</subfield>
    <subfield code="o">S XIV 04 10</subfield>
    <subfield code="r">2016-11-13</subfield>
    <subfield code="t">ej.1</subfield>
    <subfield code="w">2016-11-13</subfield>
    <subfield code="y">BK</subfield>
  </datafield>
</record>