

<record>
  <leader>00657nam a22002057a 4500</leader>
  <datafield tag="999" ind1=" " ind2=" ">
    <subfield code="c">126</subfield>
    <subfield code="d">126</subfield>
  </datafield>
  <controlfield tag="003">OSt</controlfield>
  <controlfield tag="005">20161122072904.0</controlfield>
  <controlfield tag="008">161113b        xxu||||| |||| 00| 0 eng d</controlfield>
  <datafield tag="041" ind1=" " ind2=" ">
    <subfield code="a">eng</subfield>
  </datafield>
  <datafield tag="245" ind1="0" ind2="0">
    <subfield code="a">B. C. Law volume /</subfield>
    <subfield code="c">edited by D. R. Bhandarkar...[et al.]</subfield>
  </datafield>
  <datafield tag="260" ind1=" " ind2=" ">
    <subfield code="a">Poona :</subfield>
    <subfield code="b">The Bhandarkar Oriental Research Institute,</subfield>
    <subfield code="c">1946</subfield>
  </datafield>
  <datafield tag="300" ind1=" " ind2=" ">
    <subfield code="a">  v.</subfield>
  </datafield>
  <datafield tag="500" ind1=" " ind2=" ">
    <subfield code="a">Autores: "D. R. Bhandarkar, K. A. Nilakanta Sastri, B. M. Barua, B. K. Ghosh, P. K. Gode".</subfield>
  </datafield>
  <datafield tag="700" ind1="1" ind2=" ">
    <subfield code="a">Bhandarkar, D. R.</subfield>
    <subfield code="e">ed.</subfield>
  </datafield>
  <datafield tag="700" ind1="1" ind2=" ">
    <subfield code="a">Nilakanta Sastri, K. A.</subfield>
    <subfield code="e">ed.</subfield>
  </datafield>
  <datafield tag="700" ind1="1" ind2=" ">
    <subfield code="a">Barua, B. M. </subfield>
    <subfield code="e">ed.</subfield>
  </datafield>
  <datafield tag="700" ind1="1" ind2=" ">
    <subfield code="a">Ghosh, B. K. </subfield>
    <subfield code="e">ed.</subfield>
  </datafield>
  <datafield tag="700" ind1="1" ind2=" ">
    <subfield code="a">Gode, P. K.</subfield>
    <subfield code="e">ed.</subfield>
  </datafield>
  <datafield tag="942" ind1=" " ind2=" ">
    <subfield code="2">ddc</subfield>
    <subfield code="c">BK</subfield>
  </datafield>
  <datafield tag="952" ind1=" " ind2=" ">
    <subfield code="0">0</subfield>
    <subfield code="1">0</subfield>
    <subfield code="2">ddc</subfield>
    <subfield code="4">0</subfield>
    <subfield code="6">S_XIV_04_120000000000000</subfield>
    <subfield code="7">0</subfield>
    <subfield code="9">158</subfield>
    <subfield code="a">bb_ar</subfield>
    <subfield code="b">bb_ar</subfield>
    <subfield code="c">S</subfield>
    <subfield code="d">2016-11-13</subfield>
    <subfield code="h">v.2</subfield>
    <subfield code="o">S XIV 04 12</subfield>
    <subfield code="r">2016-11-13</subfield>
    <subfield code="t">ej.1</subfield>
    <subfield code="w">2016-11-13</subfield>
    <subfield code="y">BK</subfield>
  </datafield>
</record>