

<record>
  <leader>00717nam a22001697a 4500</leader>
  <datafield tag="999" ind1=" " ind2=" ">
    <subfield code="c">127</subfield>
    <subfield code="d">127</subfield>
  </datafield>
  <controlfield tag="003">OSt</controlfield>
  <controlfield tag="005">20161122072904.0</controlfield>
  <controlfield tag="008">161113b        xxu||||| |||| 00| 0 eng d</controlfield>
  <datafield tag="041" ind1=" " ind2=" ">
    <subfield code="a">fre</subfield>
  </datafield>
  <datafield tag="100" ind1="1" ind2=" ">
    <subfield code="a">Barth, Auguste</subfield>
  </datafield>
  <datafield tag="245" ind1="1" ind2="0">
    <subfield code="a">Oeuvres de Auguste Barth :</subfield>
    <subfield code="b">recueillies à l'occasion de son quatre-vingtième anniversaire /</subfield>
    <subfield code="c">Auguste Barth</subfield>
  </datafield>
  <datafield tag="260" ind1=" " ind2=" ">
    <subfield code="a">Paris :</subfield>
    <subfield code="b">Ernest Leroux,</subfield>
    <subfield code="c">1914-1927</subfield>
  </datafield>
  <datafield tag="300" ind1=" " ind2=" ">
    <subfield code="a">5 v.</subfield>
  </datafield>
  <datafield tag="490" ind1=" " ind2=" ">
    <subfield code="a">(Quarante ans d'indianisme)</subfield>
  </datafield>
  <datafield tag="505" ind1=" " ind2=" ">
    <subfield code="a">Contenido: v.1: Les religions de l'Inde et Bulletins des religions de l'Inde (1880-1885).-- v.2: Bulletins des religions de l'Inde (1889-1902).-- v.3: Comptes rendus et notices (1872-1886).-- v.4: Comptes rendus et notices (1887-1898).</subfield>
  </datafield>
  <datafield tag="942" ind1=" " ind2=" ">
    <subfield code="2">ddc</subfield>
    <subfield code="c">BK</subfield>
  </datafield>
  <datafield tag="952" ind1=" " ind2=" ">
    <subfield code="0">0</subfield>
    <subfield code="1">0</subfield>
    <subfield code="2">ddc</subfield>
    <subfield code="4">0</subfield>
    <subfield code="6">S_XIV_04_130000000000000</subfield>
    <subfield code="7">0</subfield>
    <subfield code="9">159</subfield>
    <subfield code="a">bb_ar</subfield>
    <subfield code="b">bb_ar</subfield>
    <subfield code="c">S</subfield>
    <subfield code="d">2016-11-13</subfield>
    <subfield code="h">v.1</subfield>
    <subfield code="o">S XIV 04 13</subfield>
    <subfield code="r">2016-11-13</subfield>
    <subfield code="t">ej.1</subfield>
    <subfield code="w">2016-11-13</subfield>
    <subfield code="y">BK</subfield>
  </datafield>
  <datafield tag="952" ind1=" " ind2=" ">
    <subfield code="0">0</subfield>
    <subfield code="1">0</subfield>
    <subfield code="2">ddc</subfield>
    <subfield code="4">0</subfield>
    <subfield code="6">S_XIV_04_140000000000000</subfield>
    <subfield code="7">0</subfield>
    <subfield code="9">160</subfield>
    <subfield code="a">bb_ar</subfield>
    <subfield code="b">bb_ar</subfield>
    <subfield code="c">S</subfield>
    <subfield code="d">2016-11-13</subfield>
    <subfield code="h">v.2</subfield>
    <subfield code="o">S XIV 04 14</subfield>
    <subfield code="r">2016-11-13</subfield>
    <subfield code="t">ej.1</subfield>
    <subfield code="w">2016-11-13</subfield>
    <subfield code="y">BK</subfield>
  </datafield>
  <datafield tag="952" ind1=" " ind2=" ">
    <subfield code="0">0</subfield>
    <subfield code="1">0</subfield>
    <subfield code="2">ddc</subfield>
    <subfield code="4">0</subfield>
    <subfield code="6">S_XIV_04_150000000000000</subfield>
    <subfield code="7">0</subfield>
    <subfield code="9">161</subfield>
    <subfield code="a">bb_ar</subfield>
    <subfield code="b">bb_ar</subfield>
    <subfield code="c">S</subfield>
    <subfield code="d">2016-11-13</subfield>
    <subfield code="h">v.3</subfield>
    <subfield code="o">S XIV 04 15</subfield>
    <subfield code="r">2016-11-13</subfield>
    <subfield code="t">ej.1</subfield>
    <subfield code="w">2016-11-13</subfield>
    <subfield code="y">BK</subfield>
  </datafield>
  <datafield tag="952" ind1=" " ind2=" ">
    <subfield code="0">0</subfield>
    <subfield code="1">0</subfield>
    <subfield code="2">ddc</subfield>
    <subfield code="4">0</subfield>
    <subfield code="6">S_XIV_04_160000000000000</subfield>
    <subfield code="7">0</subfield>
    <subfield code="9">162</subfield>
    <subfield code="a">bb_ar</subfield>
    <subfield code="b">bb_ar</subfield>
    <subfield code="c">S</subfield>
    <subfield code="d">2016-11-13</subfield>
    <subfield code="h">v.4</subfield>
    <subfield code="o">S XIV 04 16</subfield>
    <subfield code="r">2016-11-13</subfield>
    <subfield code="t">ej.1</subfield>
    <subfield code="w">2016-11-13</subfield>
    <subfield code="y">BK</subfield>
  </datafield>
  <datafield tag="952" ind1=" " ind2=" ">
    <subfield code="0">0</subfield>
    <subfield code="1">0</subfield>
    <subfield code="2">ddc</subfield>
    <subfield code="4">0</subfield>
    <subfield code="6">S_XIV_04_170000000000000</subfield>
    <subfield code="7">0</subfield>
    <subfield code="9">163</subfield>
    <subfield code="a">bb_ar</subfield>
    <subfield code="b">bb_ar</subfield>
    <subfield code="c">S</subfield>
    <subfield code="d">2016-11-13</subfield>
    <subfield code="h">v.5</subfield>
    <subfield code="o">S XIV 04 17</subfield>
    <subfield code="r">2016-11-13</subfield>
    <subfield code="t">ej.1</subfield>
    <subfield code="w">2016-11-13</subfield>
    <subfield code="y">BK</subfield>
  </datafield>
</record>