

<record>
  <leader>00341nam a22001337a 4500</leader>
  <datafield tag="999" ind1=" " ind2=" ">
    <subfield code="c">130</subfield>
    <subfield code="d">130</subfield>
  </datafield>
  <controlfield tag="003">OSt</controlfield>
  <controlfield tag="005">20161122072905.0</controlfield>
  <controlfield tag="008">161114b        xxu||||| |||| 00| 0 eng d</controlfield>
  <datafield tag="100" ind1="1" ind2=" ">
    <subfield code="a">Vallée Poussin, L. de la</subfield>
  </datafield>
  <datafield tag="245" ind1="1" ind2="0">
    <subfield code="a">[Kleine schriften] /</subfield>
    <subfield code="c">L. de la Vallée Poussin</subfield>
  </datafield>
  <datafield tag="260" ind1=" " ind2=" ">
    <subfield code="a">[s.l.] :</subfield>
    <subfield code="b">[s.n.],</subfield>
    <subfield code="c">[19--]</subfield>
  </datafield>
  <datafield tag="300" ind1=" " ind2=" ">
    <subfield code="a">  v.</subfield>
  </datafield>
  <datafield tag="942" ind1=" " ind2=" ">
    <subfield code="2">ddc</subfield>
    <subfield code="c">BK</subfield>
  </datafield>
  <datafield tag="952" ind1=" " ind2=" ">
    <subfield code="0">0</subfield>
    <subfield code="1">0</subfield>
    <subfield code="2">ddc</subfield>
    <subfield code="4">0</subfield>
    <subfield code="6">S_XIV_04_210000000000000</subfield>
    <subfield code="7">0</subfield>
    <subfield code="9">166</subfield>
    <subfield code="a">bb_ar</subfield>
    <subfield code="b">bb_ar</subfield>
    <subfield code="c">S</subfield>
    <subfield code="d">2016-11-14</subfield>
    <subfield code="o">S XIV 04 21</subfield>
    <subfield code="r">2016-11-14</subfield>
    <subfield code="t">ej.1</subfield>
    <subfield code="w">2016-11-14</subfield>
    <subfield code="y">BK</subfield>
  </datafield>
</record>