

<record>
  <leader>00271nam a22001217a 4500</leader>
  <datafield tag="999" ind1=" " ind2=" ">
    <subfield code="c">131</subfield>
    <subfield code="d">131</subfield>
  </datafield>
  <controlfield tag="003">OSt</controlfield>
  <controlfield tag="005">20161122072905.0</controlfield>
  <controlfield tag="008">161114b        xxu||||| |||| 00| 0 eng d</controlfield>
  <datafield tag="100" ind1="1" ind2=" ">
    <subfield code="a">Lamotte, E.</subfield>
  </datafield>
  <datafield tag="245" ind1="1" ind2="0">
    <subfield code="a">[Kleine schriften] /</subfield>
    <subfield code="c">E. Lamotte</subfield>
  </datafield>
  <datafield tag="300" ind1=" " ind2=" ">
    <subfield code="a">  v.</subfield>
  </datafield>
  <datafield tag="942" ind1=" " ind2=" ">
    <subfield code="2">ddc</subfield>
    <subfield code="c">BK</subfield>
  </datafield>
  <datafield tag="952" ind1=" " ind2=" ">
    <subfield code="0">0</subfield>
    <subfield code="1">0</subfield>
    <subfield code="2">ddc</subfield>
    <subfield code="4">0</subfield>
    <subfield code="6">S_XIV_04_220000000000000</subfield>
    <subfield code="7">0</subfield>
    <subfield code="9">167</subfield>
    <subfield code="a">bb_ar</subfield>
    <subfield code="b">bb_ar</subfield>
    <subfield code="c">S</subfield>
    <subfield code="d">2016-11-14</subfield>
    <subfield code="o">S XIV 04 22</subfield>
    <subfield code="r">2016-11-14</subfield>
    <subfield code="t">ej.1</subfield>
    <subfield code="w">2016-11-14</subfield>
    <subfield code="y">BK</subfield>
  </datafield>
</record>