

<record>
  <leader>00408nam a22001577a 4500</leader>
  <datafield tag="999" ind1=" " ind2=" ">
    <subfield code="c">132</subfield>
    <subfield code="d">132</subfield>
  </datafield>
  <controlfield tag="003">OSt</controlfield>
  <controlfield tag="005">20161122072905.0</controlfield>
  <controlfield tag="008">161114b        xxu||||| |||| 00| 0 eng d</controlfield>
  <datafield tag="020" ind1=" " ind2=" ">
    <subfield code="a">90-04-03635-0</subfield>
  </datafield>
  <datafield tag="041" ind1=" " ind2=" ">
    <subfield code="a">fre</subfield>
  </datafield>
  <datafield tag="100" ind1="1" ind2=" ">
    <subfield code="a">Demiéville, Paul</subfield>
  </datafield>
  <datafield tag="245" ind1="1" ind2="0">
    <subfield code="a">Choix d'études bouddhiques :</subfield>
    <subfield code="b">(1929-1970) /</subfield>
    <subfield code="c">par Paul Demiéville</subfield>
  </datafield>
  <datafield tag="260" ind1=" " ind2=" ">
    <subfield code="a">Leiden :</subfield>
    <subfield code="b">E. J. Brill,</subfield>
    <subfield code="c">1973</subfield>
  </datafield>
  <datafield tag="300" ind1=" " ind2=" ">
    <subfield code="a">497 p.</subfield>
  </datafield>
  <datafield tag="942" ind1=" " ind2=" ">
    <subfield code="2">ddc</subfield>
    <subfield code="c">BK</subfield>
  </datafield>
  <datafield tag="952" ind1=" " ind2=" ">
    <subfield code="0">0</subfield>
    <subfield code="1">0</subfield>
    <subfield code="2">ddc</subfield>
    <subfield code="4">0</subfield>
    <subfield code="6">S_XIV_04_230000000000000</subfield>
    <subfield code="7">0</subfield>
    <subfield code="9">168</subfield>
    <subfield code="a">bb_ar</subfield>
    <subfield code="b">bb_ar</subfield>
    <subfield code="c">S</subfield>
    <subfield code="d">2016-11-14</subfield>
    <subfield code="o">S XIV 04 23</subfield>
    <subfield code="r">2016-11-14</subfield>
    <subfield code="t">ej.1</subfield>
    <subfield code="w">2016-11-14</subfield>
    <subfield code="y">BK</subfield>
  </datafield>
</record>