

<record>
  <leader>00344nam a22001337a 4500</leader>
  <datafield tag="999" ind1=" " ind2=" ">
    <subfield code="c">133</subfield>
    <subfield code="d">133</subfield>
  </datafield>
  <controlfield tag="003">OSt</controlfield>
  <controlfield tag="005">20161122072905.0</controlfield>
  <controlfield tag="008">161114b        xxu||||| |||| 00| 0 eng d</controlfield>
  <datafield tag="041" ind1=" " ind2=" ">
    <subfield code="a">eng</subfield>
  </datafield>
  <datafield tag="245" ind1="0" ind2="0">
    <subfield code="a">Indian studies in honor of Charles Rockwell Lanman</subfield>
  </datafield>
  <datafield tag="260" ind1=" " ind2=" ">
    <subfield code="a">Cambridge :</subfield>
    <subfield code="b">Harvard University Press,</subfield>
    <subfield code="c">1929</subfield>
  </datafield>
  <datafield tag="300" ind1=" " ind2=" ">
    <subfield code="a">258 p.</subfield>
  </datafield>
  <datafield tag="942" ind1=" " ind2=" ">
    <subfield code="2">ddc</subfield>
    <subfield code="c">BK</subfield>
  </datafield>
  <datafield tag="952" ind1=" " ind2=" ">
    <subfield code="0">0</subfield>
    <subfield code="1">0</subfield>
    <subfield code="2">ddc</subfield>
    <subfield code="4">0</subfield>
    <subfield code="6">S_XIV_04_250000000000000</subfield>
    <subfield code="7">0</subfield>
    <subfield code="9">169</subfield>
    <subfield code="a">bb_ar</subfield>
    <subfield code="b">bb_ar</subfield>
    <subfield code="c">S</subfield>
    <subfield code="d">2016-11-14</subfield>
    <subfield code="o">S XIV 04 25</subfield>
    <subfield code="r">2016-11-14</subfield>
    <subfield code="t">ej.1</subfield>
    <subfield code="w">2016-11-14</subfield>
    <subfield code="y">BK</subfield>
  </datafield>
</record>