

<record>
  <leader>00579nam a22001817a 4500</leader>
  <datafield tag="999" ind1=" " ind2=" ">
    <subfield code="c">134</subfield>
    <subfield code="d">134</subfield>
  </datafield>
  <controlfield tag="003">OSt</controlfield>
  <controlfield tag="005">20161122072905.0</controlfield>
  <controlfield tag="008">161114b        xxu||||| |||| 00| 0 eng d</controlfield>
  <datafield tag="020" ind1=" " ind2=" ">
    <subfield code="a">0-02-897212-0</subfield>
  </datafield>
  <datafield tag="041" ind1=" " ind2=" ">
    <subfield code="a">eng</subfield>
  </datafield>
  <datafield tag="100" ind1="1" ind2=" ">
    <subfield code="a">Kitagawa, Joseph M.</subfield>
    <subfield code="e">ed.</subfield>
  </datafield>
  <datafield tag="245" ind1="1" ind2="0">
    <subfield code="a">Buddhism and asian history /</subfield>
    <subfield code="c">edited by Joseph M. Kitagawa and Mark D. Cummings</subfield>
  </datafield>
  <datafield tag="260" ind1=" " ind2=" ">
    <subfield code="a">New York :</subfield>
    <subfield code="b">Macmillan Publishing Company,</subfield>
    <subfield code="c">c1989</subfield>
  </datafield>
  <datafield tag="300" ind1=" " ind2=" ">
    <subfield code="a">414 p.</subfield>
  </datafield>
  <datafield tag="490" ind1=" " ind2=" ">
    <subfield code="a">(Religion, history and culture. Readings from The Encyclopedia of religion)</subfield>
  </datafield>
  <datafield tag="700" ind1="1" ind2=" ">
    <subfield code="a">Cummings, Mark D.</subfield>
    <subfield code="e">ed.</subfield>
  </datafield>
  <datafield tag="942" ind1=" " ind2=" ">
    <subfield code="2">ddc</subfield>
    <subfield code="c">BK</subfield>
  </datafield>
  <datafield tag="952" ind1=" " ind2=" ">
    <subfield code="0">0</subfield>
    <subfield code="1">0</subfield>
    <subfield code="2">ddc</subfield>
    <subfield code="4">0</subfield>
    <subfield code="6">S_XIV_04_260000000000000</subfield>
    <subfield code="7">0</subfield>
    <subfield code="9">170</subfield>
    <subfield code="a">bb_ar</subfield>
    <subfield code="b">bb_ar</subfield>
    <subfield code="c">S</subfield>
    <subfield code="d">2016-11-14</subfield>
    <subfield code="o">S XIV 04 26</subfield>
    <subfield code="r">2016-11-14</subfield>
    <subfield code="t">ej.1</subfield>
    <subfield code="w">2016-11-14</subfield>
    <subfield code="y">BK</subfield>
  </datafield>
</record>