

<record>
  <leader>00393nam a2200145Ia 4500</leader>
  <datafield tag="999" ind1=" " ind2=" ">
    <subfield code="c">139</subfield>
    <subfield code="d">139</subfield>
  </datafield>
  <controlfield tag="003">OSt</controlfield>
  <controlfield tag="005">20161122072905.0</controlfield>
  <controlfield tag="008">160622s9999    xx            000 0 und d</controlfield>
  <datafield tag="041" ind1=" " ind2=" ">
    <subfield code="a">eng</subfield>
  </datafield>
  <datafield tag="100" ind1="1" ind2=" ">
    <subfield code="a">Dasgupta, Surendranath</subfield>
  </datafield>
  <datafield tag="245" ind1="1" ind2="2">
    <subfield code="a">A history of indian philosophy /</subfield>
    <subfield code="c">Surendranath Dasgupta</subfield>
  </datafield>
  <datafield tag="260" ind1=" " ind2=" ">
    <subfield code="a">Cambridge :</subfield>
    <subfield code="b">Cambridge University Press,</subfield>
    <subfield code="c">1962-1966</subfield>
  </datafield>
  <datafield tag="300" ind1=" " ind2=" ">
    <subfield code="a">5 v.</subfield>
  </datafield>
  <datafield tag="942" ind1=" " ind2=" ">
    <subfield code="2">ddc</subfield>
    <subfield code="c">BK</subfield>
  </datafield>
  <datafield tag="952" ind1=" " ind2=" ">
    <subfield code="0">0</subfield>
    <subfield code="1">0</subfield>
    <subfield code="2">ddc</subfield>
    <subfield code="4">0</subfield>
    <subfield code="6">O_2_000000000000000_XXV_07_11</subfield>
    <subfield code="7">0</subfield>
    <subfield code="9">175</subfield>
    <subfield code="a">bb_ar</subfield>
    <subfield code="b">bb_ar</subfield>
    <subfield code="c">O2</subfield>
    <subfield code="d">2016-11-17</subfield>
    <subfield code="h">v.1</subfield>
    <subfield code="o">O2 XXV 07 11</subfield>
    <subfield code="r">2016-11-17</subfield>
    <subfield code="t">ej.1 </subfield>
    <subfield code="w">2016-11-17</subfield>
    <subfield code="y">BK</subfield>
  </datafield>
  <datafield tag="952" ind1=" " ind2=" ">
    <subfield code="0">0</subfield>
    <subfield code="1">0</subfield>
    <subfield code="2">ddc</subfield>
    <subfield code="4">0</subfield>
    <subfield code="6">O_2_000000000000000_XXV_07_12</subfield>
    <subfield code="7">0</subfield>
    <subfield code="9">176</subfield>
    <subfield code="a">bb_ar</subfield>
    <subfield code="b">bb_ar</subfield>
    <subfield code="c">O2</subfield>
    <subfield code="d">2016-11-17</subfield>
    <subfield code="h">v.2</subfield>
    <subfield code="o">O2 XXV 07 12</subfield>
    <subfield code="r">2016-11-17</subfield>
    <subfield code="t">ej.1 </subfield>
    <subfield code="w">2016-11-17</subfield>
    <subfield code="y">BK</subfield>
  </datafield>
  <datafield tag="952" ind1=" " ind2=" ">
    <subfield code="0">0</subfield>
    <subfield code="1">0</subfield>
    <subfield code="2">ddc</subfield>
    <subfield code="4">0</subfield>
    <subfield code="6">O_2_000000000000000_XXV_07_13</subfield>
    <subfield code="7">0</subfield>
    <subfield code="9">177</subfield>
    <subfield code="a">bb_ar</subfield>
    <subfield code="b">bb_ar</subfield>
    <subfield code="c">O2</subfield>
    <subfield code="d">2016-11-17</subfield>
    <subfield code="h">v.3</subfield>
    <subfield code="o">O2 XXV 07 13</subfield>
    <subfield code="r">2016-11-17</subfield>
    <subfield code="t">ej.1 </subfield>
    <subfield code="w">2016-11-17</subfield>
    <subfield code="y">BK</subfield>
  </datafield>
  <datafield tag="952" ind1=" " ind2=" ">
    <subfield code="0">0</subfield>
    <subfield code="1">0</subfield>
    <subfield code="2">ddc</subfield>
    <subfield code="4">0</subfield>
    <subfield code="6">O_2_000000000000000_XXV_07_14</subfield>
    <subfield code="7">0</subfield>
    <subfield code="9">178</subfield>
    <subfield code="a">bb_ar</subfield>
    <subfield code="b">bb_ar</subfield>
    <subfield code="c">O2</subfield>
    <subfield code="d">2016-11-17</subfield>
    <subfield code="h">v.4</subfield>
    <subfield code="o">O2 XXV 07 14</subfield>
    <subfield code="r">2016-11-17</subfield>
    <subfield code="t">ej.1 </subfield>
    <subfield code="w">2016-11-17</subfield>
    <subfield code="y">BK</subfield>
  </datafield>
  <datafield tag="952" ind1=" " ind2=" ">
    <subfield code="0">0</subfield>
    <subfield code="1">0</subfield>
    <subfield code="2">ddc</subfield>
    <subfield code="4">0</subfield>
    <subfield code="6">O_2_000000000000000_XXV_07_15</subfield>
    <subfield code="7">0</subfield>
    <subfield code="9">179</subfield>
    <subfield code="a">bb_ar</subfield>
    <subfield code="b">bb_ar</subfield>
    <subfield code="c">O2</subfield>
    <subfield code="d">2016-11-17</subfield>
    <subfield code="h">v.5</subfield>
    <subfield code="o">O2 XXV 07 15</subfield>
    <subfield code="r">2016-11-17</subfield>
    <subfield code="t">ej.1 </subfield>
    <subfield code="w">2016-11-17</subfield>
    <subfield code="y">BK</subfield>
  </datafield>
</record>