

<record>
  <leader>00560nam a2200181Ia 4500</leader>
  <datafield tag="999" ind1=" " ind2=" ">
    <subfield code="c">141</subfield>
    <subfield code="d">141</subfield>
  </datafield>
  <controlfield tag="003">OSt</controlfield>
  <controlfield tag="005">20161122072906.0</controlfield>
  <controlfield tag="008">160622s9999    xx            000 0 und d</controlfield>
  <datafield tag="041" ind1=" " ind2=" ">
    <subfield code="a">eng</subfield>
  </datafield>
  <datafield tag="100" ind1="1" ind2=" ">
    <subfield code="a">Elizarenkova, Tatyana J.</subfield>
  </datafield>
  <datafield tag="245" ind1="1" ind2="0">
    <subfield code="a">Language and style of the vedic rsis /</subfield>
    <subfield code="c">Tatyana J. Elizarenkova ; edited by Wendy Doniger</subfield>
  </datafield>
  <datafield tag="260" ind1=" " ind2=" ">
    <subfield code="a">Albany :</subfield>
    <subfield code="b">State University of New York Press,</subfield>
    <subfield code="c">1995</subfield>
  </datafield>
  <datafield tag="300" ind1=" " ind2=" ">
    <subfield code="a">447 p.</subfield>
  </datafield>
  <datafield tag="490" ind1=" " ind2=" ">
    <subfield code="a">(SUNY series in hindu studies)</subfield>
  </datafield>
  <datafield tag="700" ind1="1" ind2=" ">
    <subfield code="a">Doniger, Wendy</subfield>
    <subfield code="e">ed. </subfield>
  </datafield>
  <datafield tag="830" ind1=" " ind2=" ">
    <subfield code="a">SUNY series in hindu studies</subfield>
  </datafield>
  <datafield tag="942" ind1=" " ind2=" ">
    <subfield code="2">ddc</subfield>
    <subfield code="c">BK</subfield>
  </datafield>
  <datafield tag="952" ind1=" " ind2=" ">
    <subfield code="0">0</subfield>
    <subfield code="1">0</subfield>
    <subfield code="2">ddc</subfield>
    <subfield code="4">0</subfield>
    <subfield code="6">O_2_000000000000000_XXV_07_18</subfield>
    <subfield code="7">0</subfield>
    <subfield code="9">181</subfield>
    <subfield code="a">bb_ar</subfield>
    <subfield code="b">bb_ar</subfield>
    <subfield code="c">O2</subfield>
    <subfield code="d">2016-11-17</subfield>
    <subfield code="o">O2 XXV 07 18</subfield>
    <subfield code="r">2016-11-17</subfield>
    <subfield code="t">ej.1 </subfield>
    <subfield code="w">2016-11-17</subfield>
    <subfield code="y">BK</subfield>
  </datafield>
</record>