

<record>
  <leader>00428nam a2200157Ia 4500</leader>
  <datafield tag="999" ind1=" " ind2=" ">
    <subfield code="c">146</subfield>
    <subfield code="d">146</subfield>
  </datafield>
  <controlfield tag="003">OSt</controlfield>
  <controlfield tag="005">20161227153147.0</controlfield>
  <controlfield tag="008">160622s9999    xx            000 0 und d</controlfield>
  <datafield tag="020" ind1=" " ind2=" ">
    <subfield code="a">978-81-208-1344-1</subfield>
  </datafield>
  <datafield tag="041" ind1=" " ind2=" ">
    <subfield code="a">eng</subfield>
  </datafield>
  <datafield tag="100" ind1="1" ind2=" ">
    <subfield code="a">Sarasvati Amma, T. A. </subfield>
  </datafield>
  <datafield tag="245" ind1="1" ind2="0">
    <subfield code="a">Geometry in ancient and medieval India /</subfield>
    <subfield code="c">T. A. Sarasvati Amma</subfield>
  </datafield>
  <datafield tag="260" ind1=" " ind2=" ">
    <subfield code="a">New Delhi :</subfield>
    <subfield code="b">Motilal Banarsidass,</subfield>
    <subfield code="c">2007imp.</subfield>
  </datafield>
  <datafield tag="300" ind1=" " ind2=" ">
    <subfield code="a">277 p.</subfield>
  </datafield>
  <datafield tag="942" ind1=" " ind2=" ">
    <subfield code="2">ddc</subfield>
    <subfield code="c">BK</subfield>
  </datafield>
  <datafield tag="952" ind1=" " ind2=" ">
    <subfield code="0">0</subfield>
    <subfield code="1">0</subfield>
    <subfield code="2">ddc</subfield>
    <subfield code="4">0</subfield>
    <subfield code="6">O_2_000000000000000_XXV_07_24</subfield>
    <subfield code="7">0</subfield>
    <subfield code="9">186</subfield>
    <subfield code="a">bb_ar</subfield>
    <subfield code="b">bb_ar</subfield>
    <subfield code="c">O2</subfield>
    <subfield code="d">2016-11-17</subfield>
    <subfield code="o">O2 XXV 07 24</subfield>
    <subfield code="r">2016-11-17</subfield>
    <subfield code="t">ej.1 </subfield>
    <subfield code="w">2016-11-17</subfield>
    <subfield code="y">BK</subfield>
  </datafield>
</record>