

<record>
  <leader>00471nam a2200169Ia 4500</leader>
  <datafield tag="999" ind1=" " ind2=" ">
    <subfield code="c">147</subfield>
    <subfield code="d">147</subfield>
  </datafield>
  <controlfield tag="003">OSt</controlfield>
  <controlfield tag="005">20161227153220.0</controlfield>
  <controlfield tag="008">160622s9999    xx            000 0 und d</controlfield>
  <datafield tag="020" ind1=" " ind2=" ">
    <subfield code="a">81-7303-084-7</subfield>
  </datafield>
  <datafield tag="041" ind1=" " ind2=" ">
    <subfield code="a">eng</subfield>
  </datafield>
  <datafield tag="100" ind1="1" ind2="0">
    <subfield code="a">Das, Sarat Chandra</subfield>
  </datafield>
  <datafield tag="245" ind1="1" ind2="2">
    <subfield code="a">A journey to Lhasa and Central Tibet /</subfield>
    <subfield code="b">Sarat Chandra Das ; edited by Phoebe Folger</subfield>
  </datafield>
  <datafield tag="260" ind1=" " ind2=" ">
    <subfield code="a">New Delhi :</subfield>
    <subfield code="b">Book Faith India,</subfield>
    <subfield code="c">1998</subfield>
  </datafield>
  <datafield tag="300" ind1=" " ind2=" ">
    <subfield code="a">235 p.</subfield>
  </datafield>
  <datafield tag="700" ind1="1" ind2=" ">
    <subfield code="a">Folger, Phoebe</subfield>
    <subfield code="e">ed. </subfield>
  </datafield>
  <datafield tag="942" ind1=" " ind2=" ">
    <subfield code="2">ddc</subfield>
    <subfield code="c">BK</subfield>
  </datafield>
  <datafield tag="952" ind1=" " ind2=" ">
    <subfield code="0">0</subfield>
    <subfield code="1">0</subfield>
    <subfield code="2">ddc</subfield>
    <subfield code="4">0</subfield>
    <subfield code="6">O_2_000000000000000_XXV_07_25</subfield>
    <subfield code="7">0</subfield>
    <subfield code="9">187</subfield>
    <subfield code="a">bb_ar</subfield>
    <subfield code="b">bb_ar</subfield>
    <subfield code="c">O2</subfield>
    <subfield code="d">2016-11-17</subfield>
    <subfield code="o">O2 XXV 07 25</subfield>
    <subfield code="r">2016-11-17</subfield>
    <subfield code="t">ej.1 </subfield>
    <subfield code="w">2016-11-17</subfield>
    <subfield code="y">BK</subfield>
  </datafield>
</record>