

<record>
  <leader>00448nam a22001457a 4500</leader>
  <datafield tag="999" ind1=" " ind2=" ">
    <subfield code="c">149</subfield>
    <subfield code="d">149</subfield>
  </datafield>
  <controlfield tag="003">OSt</controlfield>
  <controlfield tag="005">20161125172958.0</controlfield>
  <controlfield tag="008">161125b        xxu||||| |||| 00| 0 eng d</controlfield>
  <datafield tag="041" ind1=" " ind2=" ">
    <subfield code="a">eng</subfield>
  </datafield>
  <datafield tag="100" ind1="1" ind2=" ">
    <subfield code="a">Mittal, Kewal Krishan</subfield>
    <subfield code="e">ed.</subfield>
  </datafield>
  <datafield tag="245" ind1="1" ind2="0">
    <subfield code="a">Quest for truth :</subfield>
    <subfield code="b">a felicitation volume in honour of prof. S. P. Kanal /</subfield>
    <subfield code="c">editor Kewal Krishan Mittal</subfield>
  </datafield>
  <datafield tag="260" ind1=" " ind2=" ">
    <subfield code="a">Delhi :</subfield>
    <subfield code="b">Prof. S. P. Kanal Abhinandan Samiti,</subfield>
    <subfield code="c">[19--]</subfield>
  </datafield>
  <datafield tag="300" ind1=" " ind2=" ">
    <subfield code="a">741 p.</subfield>
  </datafield>
  <datafield tag="942" ind1=" " ind2=" ">
    <subfield code="2">ddc</subfield>
    <subfield code="c">BK</subfield>
  </datafield>
  <datafield tag="952" ind1=" " ind2=" ">
    <subfield code="0">0</subfield>
    <subfield code="1">0</subfield>
    <subfield code="2">ddc</subfield>
    <subfield code="4">0</subfield>
    <subfield code="6">S_XIV_05_010000000000000</subfield>
    <subfield code="7">0</subfield>
    <subfield code="9">189</subfield>
    <subfield code="a">bb_ar</subfield>
    <subfield code="b">bb_ar</subfield>
    <subfield code="c">S</subfield>
    <subfield code="d">2016-11-25</subfield>
    <subfield code="o">S XIV 05 01</subfield>
    <subfield code="r">2016-11-25</subfield>
    <subfield code="t">ej.1</subfield>
    <subfield code="w">2016-11-25</subfield>
    <subfield code="y">BK</subfield>
  </datafield>
</record>