

<record>
  <leader>00548nam a22001697a 4500</leader>
  <datafield tag="999" ind1=" " ind2=" ">
    <subfield code="c">154</subfield>
    <subfield code="d">154</subfield>
  </datafield>
  <controlfield tag="003">OSt</controlfield>
  <controlfield tag="005">20161125182059.0</controlfield>
  <controlfield tag="008">161125b        xxu||||| |||| 00| 0 eng d</controlfield>
  <datafield tag="020" ind1=" " ind2=" ">
    <subfield code="a">0-913546-51-8</subfield>
  </datafield>
  <datafield tag="041" ind1=" " ind2=" ">
    <subfield code="a">eng</subfield>
  </datafield>
  <datafield tag="100" ind1="1" ind2=" ">
    <subfield code="a">Kawamura, Leslie S.</subfield>
    <subfield code="e">ed.</subfield>
  </datafield>
  <datafield tag="245" ind1="1" ind2="0">
    <subfield code="a">Buddhist thought and asian civilization :</subfield>
    <subfield code="b">essays in honor of Herbert V. Guenther on his sixtieth birthday /</subfield>
    <subfield code="c">edited by Leslie S. Kawamura and Keith Scott</subfield>
  </datafield>
  <datafield tag="260" ind1=" " ind2=" ">
    <subfield code="a">California :</subfield>
    <subfield code="b">Dharma Publishing,</subfield>
    <subfield code="c">c1977</subfield>
  </datafield>
  <datafield tag="300" ind1=" " ind2=" ">
    <subfield code="a">307 p.</subfield>
  </datafield>
  <datafield tag="700" ind1="1" ind2=" ">
    <subfield code="a">Scott, Keith</subfield>
    <subfield code="e">ed.</subfield>
  </datafield>
  <datafield tag="942" ind1=" " ind2=" ">
    <subfield code="2">ddc</subfield>
    <subfield code="c">BK</subfield>
  </datafield>
  <datafield tag="952" ind1=" " ind2=" ">
    <subfield code="0">0</subfield>
    <subfield code="1">0</subfield>
    <subfield code="2">ddc</subfield>
    <subfield code="4">0</subfield>
    <subfield code="6">S_XIV_05_060000000000000</subfield>
    <subfield code="7">0</subfield>
    <subfield code="9">194</subfield>
    <subfield code="a">bb_ar</subfield>
    <subfield code="b">bb_ar</subfield>
    <subfield code="c">S</subfield>
    <subfield code="d">2016-11-25</subfield>
    <subfield code="o">S XIV 05 06</subfield>
    <subfield code="r">2016-11-25</subfield>
    <subfield code="t">ej.1</subfield>
    <subfield code="w">2016-11-25</subfield>
    <subfield code="y">BK</subfield>
  </datafield>
</record>