

<record>
  <leader>00424nam a22001337a 4500</leader>
  <datafield tag="999" ind1=" " ind2=" ">
    <subfield code="c">155</subfield>
    <subfield code="d">155</subfield>
  </datafield>
  <controlfield tag="003">OSt</controlfield>
  <controlfield tag="005">20161126101843.0</controlfield>
  <controlfield tag="008">161126b        xxu||||| |||| 00| 0 eng d</controlfield>
  <datafield tag="100" ind1="1" ind2=" ">
    <subfield code="a">Gupta, Harish Chandra</subfield>
    <subfield code="e">tr.</subfield>
  </datafield>
  <datafield tag="245" ind1="1" ind2="0">
    <subfield code="a">Further papers of Stcherbatsky /</subfield>
    <subfield code="c">translated for the first time from the russian by Harish Chandra Gupta</subfield>
  </datafield>
  <datafield tag="260" ind1=" " ind2=" ">
    <subfield code="a">Calcutta :</subfield>
    <subfield code="b">Indian Studies Past &amp; Present,</subfield>
    <subfield code="c">1971</subfield>
  </datafield>
  <datafield tag="300" ind1=" " ind2=" ">
    <subfield code="a">80 p.</subfield>
  </datafield>
  <datafield tag="942" ind1=" " ind2=" ">
    <subfield code="2">ddc</subfield>
    <subfield code="c">BK</subfield>
  </datafield>
  <datafield tag="952" ind1=" " ind2=" ">
    <subfield code="0">0</subfield>
    <subfield code="1">0</subfield>
    <subfield code="2">ddc</subfield>
    <subfield code="4">0</subfield>
    <subfield code="6">S_XIV_05_070000000000000</subfield>
    <subfield code="7">0</subfield>
    <subfield code="9">195</subfield>
    <subfield code="a">bb_ar</subfield>
    <subfield code="b">bb_ar</subfield>
    <subfield code="c">S</subfield>
    <subfield code="d">2016-11-26</subfield>
    <subfield code="o">S XIV 05 07</subfield>
    <subfield code="r">2016-11-26</subfield>
    <subfield code="t">ej.1</subfield>
    <subfield code="w">2016-11-26</subfield>
    <subfield code="y">BK</subfield>
  </datafield>
</record>