

<record>
  <leader>00716nam a22002057a 4500</leader>
  <datafield tag="999" ind1=" " ind2=" ">
    <subfield code="c">156</subfield>
    <subfield code="d">156</subfield>
  </datafield>
  <controlfield tag="003">OSt</controlfield>
  <controlfield tag="005">20161126105036.0</controlfield>
  <controlfield tag="008">161126b        xxu||||| |||| 00| 0 eng d</controlfield>
  <datafield tag="245" ind1="0" ind2="0">
    <subfield code="a">A. R. Wadia :</subfield>
    <subfield code="b">essays in philosophy presented in his honour /</subfield>
    <subfield code="c">editors S. Radhakrishnan...[et al.]</subfield>
  </datafield>
  <datafield tag="260" ind1=" " ind2=" ">
    <subfield code="a">Madras :</subfield>
    <subfield code="b">G. S. Press,</subfield>
    <subfield code="c">1954</subfield>
  </datafield>
  <datafield tag="300" ind1=" " ind2=" ">
    <subfield code="a">364 p.</subfield>
  </datafield>
  <datafield tag="500" ind1=" " ind2=" ">
    <subfield code="a">Autores: "S. Radhakrishnan, A. C. Ewing, Paul Arthur Schilpp, T. M. P. Mahadevan, Charles A. Moore, N. A. Nikam".</subfield>
  </datafield>
  <datafield tag="700" ind1="1" ind2=" ">
    <subfield code="a">Radhakrishnan, S.</subfield>
    <subfield code="e">ed.</subfield>
  </datafield>
  <datafield tag="700" ind1="1" ind2=" ">
    <subfield code="a">Ewing, A. C.</subfield>
    <subfield code="e">ed.</subfield>
  </datafield>
  <datafield tag="700" ind1="1" ind2=" ">
    <subfield code="a">Schilpp, Paul Arthur</subfield>
    <subfield code="e">ed.</subfield>
  </datafield>
  <datafield tag="700" ind1="1" ind2=" ">
    <subfield code="a">Mahadevan, T. M. P.</subfield>
    <subfield code="e">ed.</subfield>
  </datafield>
  <datafield tag="700" ind1="1" ind2=" ">
    <subfield code="a">Moore, Charles A. </subfield>
    <subfield code="e">ed.</subfield>
  </datafield>
  <datafield tag="700" ind1="1" ind2=" ">
    <subfield code="a">Nikam, N. A.</subfield>
    <subfield code="e">ed.</subfield>
  </datafield>
  <datafield tag="942" ind1=" " ind2=" ">
    <subfield code="2">ddc</subfield>
    <subfield code="c">BK</subfield>
  </datafield>
  <datafield tag="952" ind1=" " ind2=" ">
    <subfield code="0">0</subfield>
    <subfield code="1">0</subfield>
    <subfield code="2">ddc</subfield>
    <subfield code="4">0</subfield>
    <subfield code="6">S_XIV_05_080000000000000</subfield>
    <subfield code="7">0</subfield>
    <subfield code="9">196</subfield>
    <subfield code="a">bb_ar</subfield>
    <subfield code="b">bb_ar</subfield>
    <subfield code="c">S</subfield>
    <subfield code="d">2016-11-26</subfield>
    <subfield code="o">S XIV 05 08</subfield>
    <subfield code="r">2016-11-26</subfield>
    <subfield code="t">ej.1</subfield>
    <subfield code="w">2016-11-26</subfield>
    <subfield code="y">BK</subfield>
  </datafield>
</record>