

<record>
  <leader>00652nam a22001817a 4500</leader>
  <datafield tag="999" ind1=" " ind2=" ">
    <subfield code="c">160</subfield>
    <subfield code="d">160</subfield>
  </datafield>
  <controlfield tag="003">OSt</controlfield>
  <controlfield tag="005">20161126112112.0</controlfield>
  <controlfield tag="008">161126b        xxu||||| |||| 00| 0 eng d</controlfield>
  <datafield tag="020" ind1=" " ind2=" ">
    <subfield code="a">81-7030-114-9</subfield>
  </datafield>
  <datafield tag="041" ind1=" " ind2=" ">
    <subfield code="a">eng</subfield>
  </datafield>
  <datafield tag="100" ind1="1" ind2=" ">
    <subfield code="a">Whitney, William Dwight</subfield>
  </datafield>
  <datafield tag="245" ind1="1" ind2="0">
    <subfield code="a">Oriental and linguistic studies /</subfield>
    <subfield code="c">by William Dwight Whitney</subfield>
  </datafield>
  <datafield tag="260" ind1=" " ind2=" ">
    <subfield code="a">Delhi :</subfield>
    <subfield code="b">Sri Satguru Publications,</subfield>
    <subfield code="c">1987imp.</subfield>
  </datafield>
  <datafield tag="300" ind1=" " ind2=" ">
    <subfield code="a">2 v.</subfield>
  </datafield>
  <datafield tag="490" ind1=" " ind2=" ">
    <subfield code="a">(Sri Garib Dass oriental series ;</subfield>
    <subfield code="v">55-56)</subfield>
  </datafield>
  <datafield tag="505" ind1=" " ind2=" ">
    <subfield code="a">Contenido: v.1: The Veda; The Avesta; The science of language.-- v.2: The east and west; Religion and mythology; Ortography and phonology; Hindu astronomy.</subfield>
  </datafield>
  <datafield tag="942" ind1=" " ind2=" ">
    <subfield code="2">ddc</subfield>
    <subfield code="c">BK</subfield>
  </datafield>
  <datafield tag="952" ind1=" " ind2=" ">
    <subfield code="0">0</subfield>
    <subfield code="1">0</subfield>
    <subfield code="2">ddc</subfield>
    <subfield code="4">0</subfield>
    <subfield code="6">S_XIV_05_120000000000000</subfield>
    <subfield code="7">0</subfield>
    <subfield code="9">200</subfield>
    <subfield code="a">bb_ar</subfield>
    <subfield code="b">bb_ar</subfield>
    <subfield code="c">S</subfield>
    <subfield code="d">2016-11-26</subfield>
    <subfield code="h">v.1</subfield>
    <subfield code="o">S XIV 05 12</subfield>
    <subfield code="r">2016-11-26</subfield>
    <subfield code="t">ej.1</subfield>
    <subfield code="w">2016-11-26</subfield>
    <subfield code="y">BK</subfield>
  </datafield>
  <datafield tag="952" ind1=" " ind2=" ">
    <subfield code="0">0</subfield>
    <subfield code="1">0</subfield>
    <subfield code="2">ddc</subfield>
    <subfield code="4">0</subfield>
    <subfield code="6">S_XIV_05_130000000000000</subfield>
    <subfield code="7">0</subfield>
    <subfield code="9">201</subfield>
    <subfield code="a">bb_ar</subfield>
    <subfield code="b">bb_ar</subfield>
    <subfield code="c">S</subfield>
    <subfield code="d">2016-11-26</subfield>
    <subfield code="h">v.2</subfield>
    <subfield code="o">S XIV 05 13</subfield>
    <subfield code="r">2016-11-26</subfield>
    <subfield code="t">ej.1</subfield>
    <subfield code="w">2016-11-26</subfield>
    <subfield code="y">BK</subfield>
  </datafield>
</record>