

<record>
  <leader>00947cam a2200301Ia 4500</leader>
  <datafield tag="999" ind1=" " ind2=" ">
    <subfield code="c">161</subfield>
    <subfield code="d">161</subfield>
  </datafield>
  <controlfield tag="001">3027034</controlfield>
  <controlfield tag="003">OSt</controlfield>
  <controlfield tag="005">20161127002541.0</controlfield>
  <controlfield tag="008">010109s2000    enk           001 0 eng d</controlfield>
  <datafield tag="015" ind1=" " ind2=" ">
    <subfield code="a">GBA1-09584</subfield>
  </datafield>
  <datafield tag="020" ind1=" " ind2=" ">
    <subfield code="a">0860133869</subfield>
  </datafield>
  <datafield tag="035" ind1=" " ind2=" ">
    <subfield code="a">(OCoLC)ocm45755239</subfield>
  </datafield>
  <datafield tag="035" ind1=" " ind2=" ">
    <subfield code="a">(NNC)3027034</subfield>
  </datafield>
  <datafield tag="041" ind1="1" ind2=" ">
    <subfield code="a">eng</subfield>
    <subfield code="h">pli</subfield>
  </datafield>
  <datafield tag="082" ind1="0" ind2="4">
    <subfield code="a">294.3823</subfield>
    <subfield code="2">21</subfield>
  </datafield>
  <datafield tag="090" ind1=" " ind2=" ">
    <subfield code="a">BL1410</subfield>
    <subfield code="b">.S2 vol. 48</subfield>
  </datafield>
  <datafield tag="130" ind1="0" ind2=" ">
    <subfield code="a">Tipiṭaka.</subfield>
    <subfield code="p">Suttapiṭaka.</subfield>
    <subfield code="p">Khuddakanikāya.</subfield>
    <subfield code="p">Itivuttaka.</subfield>
    <subfield code="l">English.</subfield>
  </datafield>
  <datafield tag="245" ind1="1" ind2="4">
    <subfield code="a">The Itivuttaka /</subfield>
    <subfield code="c">translated by Peter Masefield.</subfield>
  </datafield>
  <datafield tag="260" ind1=" " ind2=" ">
    <subfield code="a">Oxford :</subfield>
    <subfield code="b">Pali Text Society,</subfield>
    <subfield code="c">2000.</subfield>
  </datafield>
  <datafield tag="300" ind1=" " ind2=" ">
    <subfield code="a">xv, 125 p. ;</subfield>
    <subfield code="c">22 cm.</subfield>
  </datafield>
  <datafield tag="490" ind1="1" ind2=" ">
    <subfield code="a">Sacred books of the Buddhists ;</subfield>
    <subfield code="v">38 [i.e. 48]</subfield>
  </datafield>
  <datafield tag="500" ind1=" " ind2=" ">
    <subfield code="a">Printing error shows v. 38; publisher confirmed in email this is v. 48 in the series.</subfield>
  </datafield>
  <datafield tag="500" ind1=" " ind2=" ">
    <subfield code="a">Includes index.</subfield>
  </datafield>
  <datafield tag="700" ind1="1" ind2=" ">
    <subfield code="a">Masefield, Peter.</subfield>
  </datafield>
  <datafield tag="830" ind1=" " ind2="0">
    <subfield code="a">Sacred books of the Buddhists ;</subfield>
    <subfield code="v">v. 48.</subfield>
  </datafield>
  <datafield tag="900" ind1=" " ind2=" ">
    <subfield code="a">AUTH</subfield>
  </datafield>
  <datafield tag="942" ind1=" " ind2=" ">
    <subfield code="2">ddc</subfield>
    <subfield code="c">BK</subfield>
  </datafield>
  <datafield tag="952" ind1=" " ind2=" ">
    <subfield code="0">0</subfield>
    <subfield code="1">0</subfield>
    <subfield code="2">ddc</subfield>
    <subfield code="4">0</subfield>
    <subfield code="6">O_2_000000000000000_XII_01_06</subfield>
    <subfield code="7">0</subfield>
    <subfield code="9">202</subfield>
    <subfield code="a">bb_ar</subfield>
    <subfield code="b">bb_ar</subfield>
    <subfield code="c">O2</subfield>
    <subfield code="d">2016-11-27</subfield>
    <subfield code="o">O2 XII 01 06</subfield>
    <subfield code="r">2016-11-27</subfield>
    <subfield code="t">ej. 1</subfield>
    <subfield code="w">2016-11-27</subfield>
    <subfield code="y">BK</subfield>
  </datafield>
</record>