

<record>
  <leader>01243cam a2200361 a 4500</leader>
  <datafield tag="999" ind1=" " ind2=" ">
    <subfield code="c">162</subfield>
    <subfield code="d">162</subfield>
  </datafield>
  <controlfield tag="001">254402</controlfield>
  <controlfield tag="003">OSt</controlfield>
  <controlfield tag="005">20161127003331.0</controlfield>
  <controlfield tag="008">990422r19981892ii            000 0beng  </controlfield>
  <datafield tag="010" ind1=" " ind2=" ">
    <subfield code="a">   99932379 </subfield>
  </datafield>
  <datafield tag="020" ind1=" " ind2=" ">
    <subfield code="a">8120613678</subfield>
  </datafield>
  <datafield tag="025" ind1=" " ind2=" ">
    <subfield code="a">I-E-99-932379; 11</subfield>
  </datafield>
  <datafield tag="037" ind1=" " ind2=" ">
    <subfield code="b">Library of Congress -- New Delhi Field Office</subfield>
    <subfield code="c">Rs265.00</subfield>
  </datafield>
  <datafield tag="040" ind1=" " ind2=" ">
    <subfield code="a">DLC</subfield>
    <subfield code="c">DLC</subfield>
    <subfield code="d">DLC</subfield>
  </datafield>
  <datafield tag="041" ind1="1" ind2=" ">
    <subfield code="a">engpli</subfield>
    <subfield code="h">pli</subfield>
  </datafield>
  <datafield tag="042" ind1=" " ind2=" ">
    <subfield code="a">lcode</subfield>
  </datafield>
  <datafield tag="050" ind1="0" ind2="0">
    <subfield code="a">BQ942.U32</subfield>
    <subfield code="b">B8313 1998</subfield>
  </datafield>
  <datafield tag="082" ind1="0" ind2="0">
    <subfield code="a">294.3/91/092</subfield>
    <subfield code="a">B</subfield>
    <subfield code="2">21</subfield>
  </datafield>
  <datafield tag="130" ind1="0" ind2=" ">
    <subfield code="a">Buddhaghosuppatti.</subfield>
    <subfield code="l">English &amp; Pali.</subfield>
  </datafield>
  <datafield tag="245" ind1="1" ind2="0">
    <subfield code="a">Buddhaghosuppatti, or, The historical romance of the rise and career of Buddhaghosa /</subfield>
    <subfield code="c">[edited by] James Gray.</subfield>
  </datafield>
  <datafield tag="246" ind1="3" ind2=" ">
    <subfield code="a">Buddhaghosuppatti</subfield>
  </datafield>
  <datafield tag="246" ind1="3" ind2=" ">
    <subfield code="a">Historical romance of the rise and career of Buddhaghosa</subfield>
  </datafield>
  <datafield tag="260" ind1=" " ind2=" ">
    <subfield code="a">New Delhi :</subfield>
    <subfield code="b">Asian Educational Service,</subfield>
    <subfield code="c">1998.</subfield>
  </datafield>
  <datafield tag="300" ind1=" " ind2=" ">
    <subfield code="a">75, 36 p. ;</subfield>
    <subfield code="c">22 cm.</subfield>
  </datafield>
  <datafield tag="500" ind1=" " ind2=" ">
    <subfield code="a">Originally published: London : Luzac, 1892.</subfield>
  </datafield>
  <datafield tag="600" ind1="0" ind2="0">
    <subfield code="a">Buddhaghosa.</subfield>
  </datafield>
  <datafield tag="650" ind1=" " ind2="0">
    <subfield code="a">Buddhist priests</subfield>
    <subfield code="z">India</subfield>
    <subfield code="v">Biography.</subfield>
  </datafield>
  <datafield tag="700" ind1="1" ind2=" ">
    <subfield code="a">Gray, James,</subfield>
    <subfield code="d">1849-1905.</subfield>
  </datafield>
  <datafield tag="710" ind1="2" ind2=" ">
    <subfield code="a">Asain Educational Services.</subfield>
  </datafield>
  <datafield tag="906" ind1=" " ind2=" ">
    <subfield code="a">7</subfield>
    <subfield code="b">cbc</subfield>
    <subfield code="c">origode</subfield>
    <subfield code="d">3</subfield>
    <subfield code="e">ncip</subfield>
    <subfield code="f">19</subfield>
    <subfield code="g">y-gencatlg</subfield>
  </datafield>
  <datafield tag="942" ind1=" " ind2=" ">
    <subfield code="2">ddc</subfield>
    <subfield code="c">BK</subfield>
  </datafield>
  <datafield tag="955" ind1=" " ind2=" ">
    <subfield code="a">wd30;03/09/99; yj12 to Dewey 01-18-00;aa03 1-31-00</subfield>
  </datafield>
  <datafield tag="952" ind1=" " ind2=" ">
    <subfield code="0">0</subfield>
    <subfield code="1">0</subfield>
    <subfield code="2">ddc</subfield>
    <subfield code="4">0</subfield>
    <subfield code="6">O_2_000000000000000_XII_01_08</subfield>
    <subfield code="7">0</subfield>
    <subfield code="9">203</subfield>
    <subfield code="a">bb_ar</subfield>
    <subfield code="b">bb_ar</subfield>
    <subfield code="c">O2</subfield>
    <subfield code="d">2016-11-27</subfield>
    <subfield code="o">O2 XII 01 08</subfield>
    <subfield code="r">2016-11-27</subfield>
    <subfield code="w">2016-11-27</subfield>
    <subfield code="y">BK</subfield>
  </datafield>
</record>