

<record>
  <leader>01141cam a22003131  4500</leader>
  <datafield tag="999" ind1=" " ind2=" ">
    <subfield code="c">163</subfield>
    <subfield code="d">163</subfield>
  </datafield>
  <controlfield tag="001">5978506</controlfield>
  <controlfield tag="003">OSt</controlfield>
  <controlfield tag="005">20161127003656.0</controlfield>
  <controlfield tag="008">790716s1940    enk           000 0 eng  </controlfield>
  <datafield tag="010" ind1=" " ind2=" ">
    <subfield code="a">   41023908 </subfield>
  </datafield>
  <datafield tag="035" ind1=" " ind2=" ">
    <subfield code="a">(OCoLC)5176700</subfield>
  </datafield>
  <datafield tag="040" ind1=" " ind2=" ">
    <subfield code="a">DLC</subfield>
    <subfield code="c">OCl</subfield>
    <subfield code="d">OCoLC</subfield>
    <subfield code="d">DLC</subfield>
  </datafield>
  <datafield tag="041" ind1="1" ind2=" ">
    <subfield code="a">engpli</subfield>
  </datafield>
  <datafield tag="042" ind1=" " ind2=" ">
    <subfield code="a">premarc</subfield>
  </datafield>
  <datafield tag="050" ind1="0" ind2="0">
    <subfield code="a">PK4541</subfield>
    <subfield code="b">.P5 no. 28</subfield>
  </datafield>
  <datafield tag="082" ind1=" " ind2=" ">
    <subfield code="a">491.3701</subfield>
  </datafield>
  <datafield tag="130" ind1="0" ind2=" ">
    <subfield code="a">Kathāvatthu.</subfield>
  </datafield>
  <datafield tag="245" ind1="1" ind2="4">
    <subfield code="a">The debates commentary</subfield>
    <subfield code="b">(Kathāvatthuppakaraṇa-aṭṭhakathā)</subfield>
    <subfield code="c">translated into English for the first time by Bimala Churn Law.</subfield>
  </datafield>
  <datafield tag="260" ind1=" " ind2=" ">
    <subfield code="a">London,</subfield>
    <subfield code="b">H. Milford, Oxford university press,</subfield>
    <subfield code="c">1940.</subfield>
  </datafield>
  <datafield tag="300" ind1=" " ind2=" ">
    <subfield code="a">xii, 248 p.</subfield>
    <subfield code="c">22 cm.</subfield>
  </datafield>
  <datafield tag="490" ind1="0" ind2=" ">
    <subfield code="a">Pali text society. [Translation series. 28]</subfield>
  </datafield>
  <datafield tag="500" ind1=" " ind2=" ">
    <subfield code="a">Authorship ascribed to Moggaliputta Tissa.</subfield>
  </datafield>
  <datafield tag="500" ind1=" " ind2=" ">
    <subfield code="a">"Editor's afterword" signed: C. A. F. Rhys Davids.</subfield>
  </datafield>
  <datafield tag="700" ind1="1" ind2=" ">
    <subfield code="a">Moggaliputta Tissa,</subfield>
    <subfield code="d">active 3d century B.C.,</subfield>
    <subfield code="c">supposed author.</subfield>
  </datafield>
  <datafield tag="700" ind1="1" ind2=" ">
    <subfield code="a">Law, Bimala Churn,</subfield>
    <subfield code="d">1892-</subfield>
    <subfield code="e">tr.</subfield>
  </datafield>
  <datafield tag="700" ind1="1" ind2=" ">
    <subfield code="a">Davids, Caroline A. F. Rhys</subfield>
    <subfield code="q">(Caroline Augusta Foley Rhys),</subfield>
    <subfield code="d">1857-1942,</subfield>
    <subfield code="e">ed.</subfield>
  </datafield>
  <datafield tag="906" ind1=" " ind2=" ">
    <subfield code="a">7</subfield>
    <subfield code="b">cbc</subfield>
    <subfield code="c">oclcrpl</subfield>
    <subfield code="d">u</subfield>
    <subfield code="e">ncip</subfield>
    <subfield code="f">19</subfield>
    <subfield code="g">y-gencatlg</subfield>
  </datafield>
  <datafield tag="942" ind1=" " ind2=" ">
    <subfield code="2">ddc</subfield>
    <subfield code="c">BK</subfield>
  </datafield>
  <datafield tag="952" ind1=" " ind2=" ">
    <subfield code="0">0</subfield>
    <subfield code="1">0</subfield>
    <subfield code="2">ddc</subfield>
    <subfield code="4">0</subfield>
    <subfield code="6">491_370100000000000</subfield>
    <subfield code="7">0</subfield>
    <subfield code="9">204</subfield>
    <subfield code="a">bb_ar</subfield>
    <subfield code="b">bb_ar</subfield>
    <subfield code="c">O2</subfield>
    <subfield code="d">2016-11-27</subfield>
    <subfield code="j">0</subfield>
    <subfield code="o">491.3701</subfield>
    <subfield code="r">2016-11-27</subfield>
    <subfield code="w">2016-11-27</subfield>
    <subfield code="y">BK</subfield>
  </datafield>
</record>