

<record>
  <leader>00514nam a22001697a 4500</leader>
  <datafield tag="999" ind1=" " ind2=" ">
    <subfield code="c">165</subfield>
    <subfield code="d">165</subfield>
  </datafield>
  <controlfield tag="003">OSt</controlfield>
  <controlfield tag="005">20161207132625.0</controlfield>
  <controlfield tag="008">161207b        xxu||||| |||| 00| 0 eng d</controlfield>
  <datafield tag="041" ind1=" " ind2=" ">
    <subfield code="a">eng</subfield>
  </datafield>
  <datafield tag="100" ind1="1" ind2=" ">
    <subfield code="a">Samtani, N. H.</subfield>
    <subfield code="e">ed.</subfield>
  </datafield>
  <datafield tag="245" ind1="1" ind2="0">
    <subfield code="a">Sramana vidya :</subfield>
    <subfield code="b">studies in buddhism /</subfield>
    <subfield code="c">edited by N. H. Samtani</subfield>
  </datafield>
  <datafield tag="260" ind1=" " ind2=" ">
    <subfield code="a">Varanasi :</subfield>
    <subfield code="b">Central Institute of Higher Tibetan Studies,</subfield>
    <subfield code="c">1987</subfield>
  </datafield>
  <datafield tag="300" ind1=" " ind2=" ">
    <subfield code="a">  v.</subfield>
  </datafield>
  <datafield tag="490" ind1=" " ind2=" ">
    <subfield code="a">(Samyag-vak series ;</subfield>
    <subfield code="v">3)</subfield>
  </datafield>
  <datafield tag="500" ind1=" " ind2=" ">
    <subfield code="a">Prof. Jagannath Upadhyaya commemoration volume.</subfield>
  </datafield>
  <datafield tag="942" ind1=" " ind2=" ">
    <subfield code="2">ddc</subfield>
    <subfield code="c">BK</subfield>
  </datafield>
  <datafield tag="952" ind1=" " ind2=" ">
    <subfield code="0">0</subfield>
    <subfield code="1">0</subfield>
    <subfield code="2">ddc</subfield>
    <subfield code="4">0</subfield>
    <subfield code="6">S_XIV_05_150000000000000</subfield>
    <subfield code="7">0</subfield>
    <subfield code="9">208</subfield>
    <subfield code="a">bb_ar</subfield>
    <subfield code="b">bb_ar</subfield>
    <subfield code="c">S</subfield>
    <subfield code="d">2016-12-07</subfield>
    <subfield code="h">v.1</subfield>
    <subfield code="o">S XIV 05 15</subfield>
    <subfield code="r">2016-12-07</subfield>
    <subfield code="t">ej.1</subfield>
    <subfield code="w">2016-12-07</subfield>
    <subfield code="y">BK</subfield>
  </datafield>
</record>