

<record>
  <leader>00456nam a22001697a 4500</leader>
  <datafield tag="999" ind1=" " ind2=" ">
    <subfield code="c">168</subfield>
    <subfield code="d">168</subfield>
  </datafield>
  <controlfield tag="003">OSt</controlfield>
  <controlfield tag="005">20161207140737.0</controlfield>
  <controlfield tag="008">161207b        xxu||||| |||| 00| 0 eng d</controlfield>
  <datafield tag="020" ind1=" " ind2=" ">
    <subfield code="a">3-515-04022-6</subfield>
  </datafield>
  <datafield tag="041" ind1=" " ind2=" ">
    <subfield code="a">gem</subfield>
  </datafield>
  <datafield tag="100" ind1="1" ind2=" ">
    <subfield code="a">Caland, Willem</subfield>
  </datafield>
  <datafield tag="245" ind1="1" ind2="0">
    <subfield code="a">Kleine schriften /</subfield>
    <subfield code="c">Willem Caland ; herausgegeben von Michael Witzel</subfield>
  </datafield>
  <datafield tag="260" ind1=" " ind2=" ">
    <subfield code="a">Stuttgart :</subfield>
    <subfield code="b">Franz Steiner Verlag,</subfield>
    <subfield code="c">1990</subfield>
  </datafield>
  <datafield tag="300" ind1=" " ind2=" ">
    <subfield code="a">786 p.</subfield>
  </datafield>
  <datafield tag="700" ind1="1" ind2=" ">
    <subfield code="a">Witzel, Michael</subfield>
    <subfield code="e">ed.</subfield>
  </datafield>
  <datafield tag="942" ind1=" " ind2=" ">
    <subfield code="2">ddc</subfield>
    <subfield code="c">BK</subfield>
  </datafield>
  <datafield tag="952" ind1=" " ind2=" ">
    <subfield code="0">0</subfield>
    <subfield code="1">0</subfield>
    <subfield code="2">ddc</subfield>
    <subfield code="4">0</subfield>
    <subfield code="6">S_XIV_05_180000000000000</subfield>
    <subfield code="7">0</subfield>
    <subfield code="9">211</subfield>
    <subfield code="a">bb_ar</subfield>
    <subfield code="b">bb_ar</subfield>
    <subfield code="c">S</subfield>
    <subfield code="d">2016-12-07</subfield>
    <subfield code="o">S XIV 05 18</subfield>
    <subfield code="r">2016-12-07</subfield>
    <subfield code="t">ej.1</subfield>
    <subfield code="w">2016-12-07</subfield>
    <subfield code="y">BK</subfield>
  </datafield>
</record>