

<record>
  <leader>00501nam a22001817a 4500</leader>
  <datafield tag="999" ind1=" " ind2=" ">
    <subfield code="c">171</subfield>
    <subfield code="d">171</subfield>
  </datafield>
  <controlfield tag="003">OSt</controlfield>
  <controlfield tag="005">20161207142916.0</controlfield>
  <controlfield tag="008">161207b        xxu||||| |||| 00| 0 eng d</controlfield>
  <datafield tag="020" ind1=" " ind2=" ">
    <subfield code="a">3-515-04021-8</subfield>
  </datafield>
  <datafield tag="041" ind1=" " ind2=" ">
    <subfield code="a">gem</subfield>
  </datafield>
  <datafield tag="100" ind1="1" ind2=" ">
    <subfield code="a">Sieg, Emil</subfield>
  </datafield>
  <datafield tag="245" ind1="1" ind2="0">
    <subfield code="a">Kleine schriften /</subfield>
    <subfield code="c">Emil Sieg ; herausgegeben von Klaus Ludwig Janert</subfield>
  </datafield>
  <datafield tag="260" ind1=" " ind2=" ">
    <subfield code="a">Stuttgart :</subfield>
    <subfield code="b">Franz Steiner Verlag,</subfield>
    <subfield code="c">1991</subfield>
  </datafield>
  <datafield tag="300" ind1=" " ind2=" ">
    <subfield code="a">439 p.</subfield>
  </datafield>
  <datafield tag="490" ind1=" " ind2=" ">
    <subfield code="a">(Glasenapp-stiftung ;</subfield>
    <subfield code="v">31)</subfield>
  </datafield>
  <datafield tag="700" ind1="1" ind2=" ">
    <subfield code="a">Janert, Klaus Ludwig</subfield>
    <subfield code="e">ed.</subfield>
  </datafield>
  <datafield tag="942" ind1=" " ind2=" ">
    <subfield code="2">ddc</subfield>
    <subfield code="c">BK</subfield>
  </datafield>
  <datafield tag="952" ind1=" " ind2=" ">
    <subfield code="0">0</subfield>
    <subfield code="1">0</subfield>
    <subfield code="2">ddc</subfield>
    <subfield code="4">0</subfield>
    <subfield code="6">S_XIV_05_220000000000000</subfield>
    <subfield code="7">0</subfield>
    <subfield code="9">215</subfield>
    <subfield code="a">bb_ar</subfield>
    <subfield code="b">bb_ar</subfield>
    <subfield code="c">S</subfield>
    <subfield code="d">2016-12-07</subfield>
    <subfield code="o">S XIV 05 22</subfield>
    <subfield code="r">2016-12-07</subfield>
    <subfield code="t">ej.1</subfield>
    <subfield code="w">2016-12-07</subfield>
    <subfield code="y">BK</subfield>
  </datafield>
</record>