

<record>
  <leader>00585nam a22001937a 4500</leader>
  <datafield tag="999" ind1=" " ind2=" ">
    <subfield code="c">172</subfield>
    <subfield code="d">172</subfield>
  </datafield>
  <controlfield tag="003">OSt</controlfield>
  <controlfield tag="005">20161207143804.0</controlfield>
  <controlfield tag="008">161207b        xxu||||| |||| 00| 0 eng d</controlfield>
  <datafield tag="020" ind1=" " ind2=" ">
    <subfield code="a">3-515-04614-3</subfield>
  </datafield>
  <datafield tag="041" ind1=" " ind2=" ">
    <subfield code="a">gem</subfield>
  </datafield>
  <datafield tag="100" ind1="1" ind2=" ">
    <subfield code="a">Waldschmidt, Ernst</subfield>
  </datafield>
  <datafield tag="245" ind1="1" ind2="0">
    <subfield code="a">Ausgewählte kleine schriften /</subfield>
    <subfield code="c">Ernst Waldschmidt ; herausgegeben von Heinz Bechert und Petra Kieffer-Pülz</subfield>
  </datafield>
  <datafield tag="260" ind1=" " ind2=" ">
    <subfield code="a">Stuttgart :</subfield>
    <subfield code="b">Franz Steiner Verlag,</subfield>
    <subfield code="c">1989</subfield>
  </datafield>
  <datafield tag="300" ind1=" " ind2=" ">
    <subfield code="a">464 p.</subfield>
  </datafield>
  <datafield tag="490" ind1=" " ind2=" ">
    <subfield code="a">(Glasenapp-stiftung ;</subfield>
    <subfield code="v">29)</subfield>
  </datafield>
  <datafield tag="700" ind1="1" ind2=" ">
    <subfield code="a">Bechert, Heinz </subfield>
    <subfield code="e">ed.</subfield>
  </datafield>
  <datafield tag="700" ind1="1" ind2=" ">
    <subfield code="a">Kieffer-Pülz, Petra</subfield>
    <subfield code="e">ed.</subfield>
  </datafield>
  <datafield tag="942" ind1=" " ind2=" ">
    <subfield code="2">ddc</subfield>
    <subfield code="c">BK</subfield>
  </datafield>
  <datafield tag="952" ind1=" " ind2=" ">
    <subfield code="0">0</subfield>
    <subfield code="1">0</subfield>
    <subfield code="2">ddc</subfield>
    <subfield code="4">0</subfield>
    <subfield code="6">S_XIV_05_230000000000000</subfield>
    <subfield code="7">0</subfield>
    <subfield code="9">216</subfield>
    <subfield code="a">bb_ar</subfield>
    <subfield code="b">bb_ar</subfield>
    <subfield code="c">S</subfield>
    <subfield code="d">2016-12-07</subfield>
    <subfield code="o">S XIV 05 23</subfield>
    <subfield code="r">2016-12-07</subfield>
    <subfield code="t">ej.1</subfield>
    <subfield code="w">2016-12-07</subfield>
    <subfield code="y">BK</subfield>
  </datafield>
</record>