

<record>
  <leader>00444nam a22001697a 4500</leader>
  <datafield tag="999" ind1=" " ind2=" ">
    <subfield code="c">179</subfield>
    <subfield code="d">179</subfield>
  </datafield>
  <controlfield tag="003">OSt</controlfield>
  <controlfield tag="005">20161208164104.0</controlfield>
  <controlfield tag="008">161208b        xxu||||| |||| 00| 0 eng d</controlfield>
  <datafield tag="020" ind1=" " ind2=" ">
    <subfield code="a">9004092110</subfield>
  </datafield>
  <datafield tag="041" ind1=" " ind2=" ">
    <subfield code="a">eng</subfield>
  </datafield>
  <datafield tag="100" ind1="1" ind2=" ">
    <subfield code="a">Sharma, Arvind</subfield>
    <subfield code="e">ed.</subfield>
  </datafield>
  <datafield tag="245" ind1="1" ind2="0">
    <subfield code="a">Essays on the Mahabharata /</subfield>
    <subfield code="c">edited by Arvind Sharma</subfield>
  </datafield>
  <datafield tag="260" ind1=" " ind2=" ">
    <subfield code="a">Leiden :</subfield>
    <subfield code="b">E. J. Brill,</subfield>
    <subfield code="c">1991</subfield>
  </datafield>
  <datafield tag="300" ind1=" " ind2=" ">
    <subfield code="a">489 p.</subfield>
  </datafield>
  <datafield tag="490" ind1=" " ind2=" ">
    <subfield code="a">(Brill's indological library ;</subfield>
    <subfield code="v">1)</subfield>
  </datafield>
  <datafield tag="942" ind1=" " ind2=" ">
    <subfield code="2">ddc</subfield>
    <subfield code="c">BK</subfield>
  </datafield>
  <datafield tag="952" ind1=" " ind2=" ">
    <subfield code="0">0</subfield>
    <subfield code="1">0</subfield>
    <subfield code="2">ddc</subfield>
    <subfield code="4">0</subfield>
    <subfield code="6">S_XIV_05_330000000000000</subfield>
    <subfield code="7">0</subfield>
    <subfield code="9">225</subfield>
    <subfield code="a">bb_ar</subfield>
    <subfield code="b">bb_ar</subfield>
    <subfield code="c">S</subfield>
    <subfield code="d">2016-12-08</subfield>
    <subfield code="o">S XIV 05 33</subfield>
    <subfield code="r">2016-12-08</subfield>
    <subfield code="t">ej.1</subfield>
    <subfield code="w">2016-12-08</subfield>
    <subfield code="y">BK</subfield>
  </datafield>
</record>