

<record>
  <leader>00406nam a22001457a 4500</leader>
  <datafield tag="999" ind1=" " ind2=" ">
    <subfield code="c">180</subfield>
    <subfield code="d">180</subfield>
  </datafield>
  <controlfield tag="003">OSt</controlfield>
  <controlfield tag="005">20161208164612.0</controlfield>
  <controlfield tag="008">161208b        xxu||||| |||| 00| 0 eng d</controlfield>
  <datafield tag="041" ind1=" " ind2=" ">
    <subfield code="a">eng</subfield>
  </datafield>
  <datafield tag="100" ind1="1" ind2=" ">
    <subfield code="a">Ensink, J.</subfield>
    <subfield code="e">ed.</subfield>
  </datafield>
  <datafield tag="245" ind1="1" ind2="0">
    <subfield code="a">India maior :</subfield>
    <subfield code="b">congratulatory volume presented to J. Gonda /</subfield>
    <subfield code="c">edited by J. Ensink and P. Gaeffke</subfield>
  </datafield>
  <datafield tag="260" ind1=" " ind2=" ">
    <subfield code="a">Leiden :</subfield>
    <subfield code="b">E. J. Brill,</subfield>
    <subfield code="c">1972</subfield>
  </datafield>
  <datafield tag="300" ind1=" " ind2=" ">
    <subfield code="a">257 p.</subfield>
  </datafield>
  <datafield tag="942" ind1=" " ind2=" ">
    <subfield code="2">ddc</subfield>
    <subfield code="c">BK</subfield>
  </datafield>
  <datafield tag="952" ind1=" " ind2=" ">
    <subfield code="0">0</subfield>
    <subfield code="1">0</subfield>
    <subfield code="2">ddc</subfield>
    <subfield code="4">0</subfield>
    <subfield code="6">S_XIV_05_340000000000000</subfield>
    <subfield code="7">0</subfield>
    <subfield code="9">226</subfield>
    <subfield code="a">bb_ar</subfield>
    <subfield code="b">bb_ar</subfield>
    <subfield code="c">S</subfield>
    <subfield code="d">2016-12-08</subfield>
    <subfield code="o">S XIV 05 34</subfield>
    <subfield code="r">2016-12-08</subfield>
    <subfield code="t">ej.1</subfield>
    <subfield code="w">2016-12-08</subfield>
    <subfield code="y">BK</subfield>
  </datafield>
</record>