

<record>
  <leader>00410nam a22001577a 4500</leader>
  <datafield tag="999" ind1=" " ind2=" ">
    <subfield code="c">184</subfield>
    <subfield code="d">184</subfield>
  </datafield>
  <controlfield tag="003">OSt</controlfield>
  <controlfield tag="005">20161210175954.0</controlfield>
  <controlfield tag="008">161210b        xxu||||| |||| 00| 0 eng d</controlfield>
  <datafield tag="020" ind1=" " ind2=" ">
    <subfield code="a">81-208-0924-5</subfield>
  </datafield>
  <datafield tag="041" ind1=" " ind2=" ">
    <subfield code="a">eng</subfield>
  </datafield>
  <datafield tag="100" ind1="1" ind2=" ">
    <subfield code="a">Ganguly, Swati</subfield>
  </datafield>
  <datafield tag="245" ind1="1" ind2="0">
    <subfield code="a">Treatise in thirty verses on mere-consciousness /</subfield>
    <subfield code="c">Swati Ganguly</subfield>
  </datafield>
  <datafield tag="260" ind1=" " ind2=" ">
    <subfield code="a">Delhi :</subfield>
    <subfield code="b">Motilal Banarsidass,</subfield>
    <subfield code="c">1992</subfield>
  </datafield>
  <datafield tag="300" ind1=" " ind2=" ">
    <subfield code="a">269 p.</subfield>
  </datafield>
  <datafield tag="942" ind1=" " ind2=" ">
    <subfield code="2">ddc</subfield>
    <subfield code="c">BK</subfield>
  </datafield>
  <datafield tag="952" ind1=" " ind2=" ">
    <subfield code="0">0</subfield>
    <subfield code="1">0</subfield>
    <subfield code="2">ddc</subfield>
    <subfield code="4">0</subfield>
    <subfield code="6">S_XIV_06_040000000000000</subfield>
    <subfield code="7">0</subfield>
    <subfield code="9">230</subfield>
    <subfield code="a">bb_ar</subfield>
    <subfield code="b">bb_ar</subfield>
    <subfield code="c">S</subfield>
    <subfield code="d">2016-12-10</subfield>
    <subfield code="o">S XIV 06 04</subfield>
    <subfield code="r">2016-12-10</subfield>
    <subfield code="t">ej.1</subfield>
    <subfield code="w">2016-12-10</subfield>
    <subfield code="y">BK</subfield>
  </datafield>
</record>