

<record>
  <leader>00478nam a22001577a 4500</leader>
  <datafield tag="999" ind1=" " ind2=" ">
    <subfield code="c">185</subfield>
    <subfield code="d">185</subfield>
  </datafield>
  <controlfield tag="003">OSt</controlfield>
  <controlfield tag="005">20161210181431.0</controlfield>
  <controlfield tag="008">161210b        xxu||||| |||| 00| 0 eng d</controlfield>
  <datafield tag="041" ind1=" " ind2=" ">
    <subfield code="a">san</subfield>
  </datafield>
  <datafield tag="100" ind1="1" ind2=" ">
    <subfield code="a">Shastri, Mahamahopadhyaya Haraprasad</subfield>
    <subfield code="e">ed.</subfield>
  </datafield>
  <datafield tag="245" ind1="1" ind2="0">
    <subfield code="a">Six buddhist Nyaya tracts in sanskrit /</subfield>
    <subfield code="c">edited by Mahamahopadhyaya Haraprasad Shastri</subfield>
  </datafield>
  <datafield tag="260" ind1=" " ind2=" ">
    <subfield code="a">Calcutta :</subfield>
    <subfield code="b">The Asiatic Society,</subfield>
    <subfield code="c">1989</subfield>
  </datafield>
  <datafield tag="300" ind1=" " ind2=" ">
    <subfield code="a">[118] p.</subfield>
  </datafield>
  <datafield tag="490" ind1=" " ind2=" ">
    <subfield code="a">(Bibliotheca indica ;</subfield>
    <subfield code="v">185)</subfield>
  </datafield>
  <datafield tag="942" ind1=" " ind2=" ">
    <subfield code="2">ddc</subfield>
    <subfield code="c">BK</subfield>
  </datafield>
  <datafield tag="952" ind1=" " ind2=" ">
    <subfield code="0">0</subfield>
    <subfield code="1">0</subfield>
    <subfield code="2">ddc</subfield>
    <subfield code="4">0</subfield>
    <subfield code="6">S_XIV_06_050000000000000</subfield>
    <subfield code="7">0</subfield>
    <subfield code="9">231</subfield>
    <subfield code="a">bb_ar</subfield>
    <subfield code="b">bb_ar</subfield>
    <subfield code="c">S</subfield>
    <subfield code="d">2016-12-10</subfield>
    <subfield code="o">S XIV 06 05</subfield>
    <subfield code="r">2016-12-10</subfield>
    <subfield code="t">ej.1</subfield>
    <subfield code="w">2016-12-10</subfield>
    <subfield code="y">BK</subfield>
  </datafield>
  <datafield tag="952" ind1=" " ind2=" ">
    <subfield code="0">0</subfield>
    <subfield code="1">0</subfield>
    <subfield code="2">ddc</subfield>
    <subfield code="4">0</subfield>
    <subfield code="6">S_XIV_06_080000000000000</subfield>
    <subfield code="7">0</subfield>
    <subfield code="9">233</subfield>
    <subfield code="a">bb_ar</subfield>
    <subfield code="b">bb_ar</subfield>
    <subfield code="c">S</subfield>
    <subfield code="d">2016-12-10</subfield>
    <subfield code="o">S XIV 06 08</subfield>
    <subfield code="r">2016-12-10</subfield>
    <subfield code="t">ej.2</subfield>
    <subfield code="w">2016-12-10</subfield>
    <subfield code="y">BK</subfield>
  </datafield>
</record>