

<record>
  <leader>01039cam a2200265 a 4500</leader>
  <datafield tag="999" ind1=" " ind2=" ">
    <subfield code="c">187</subfield>
    <subfield code="d">187</subfield>
  </datafield>
  <controlfield tag="001">1428046</controlfield>
  <controlfield tag="003">OSt</controlfield>
  <controlfield tag="005">20161222183518.0</controlfield>
  <controlfield tag="008">890501r19791964enk           001 0 eng d</controlfield>
  <datafield tag="020" ind1=" " ind2=" ">
    <subfield code="a">0710004966</subfield>
  </datafield>
  <datafield tag="041" ind1="1" ind2=" ">
    <subfield code="a">eng</subfield>
    <subfield code="h">pli</subfield>
  </datafield>
  <datafield tag="100" ind1="0" ind2=" ">
    <subfield code="a">Mahākaccāyana.</subfield>
  </datafield>
  <datafield tag="240" ind1="1" ind2="0">
    <subfield code="a">Peṭakopadesa.</subfield>
    <subfield code="l">English</subfield>
  </datafield>
  <datafield tag="245" ind1="1" ind2="4">
    <subfield code="a">The Piṭaka-disclosure :</subfield>
    <subfield code="b">(Peṭakopadesa) /</subfield>
    <subfield code="c">according to Kaccāna Thera ; translated from the Pali by Bhikkhu Nāṇamoli.</subfield>
  </datafield>
  <datafield tag="260" ind1=" " ind2=" ">
    <subfield code="a">London :</subfield>
    <subfield code="b">Pali Text Society ;</subfield>
    <subfield code="a">Boston :</subfield>
    <subfield code="b">Distributed by Routledge &amp; Kegan Paul,</subfield>
    <subfield code="c">1979.</subfield>
  </datafield>
  <datafield tag="300" ind1=" " ind2=" ">
    <subfield code="a">xliv, 402 p. ;</subfield>
    <subfield code="c">22 cm.</subfield>
  </datafield>
  <datafield tag="490" ind1="1" ind2=" ">
    <subfield code="a">Translation series / Pali Text Society ;</subfield>
    <subfield code="v">no. 35</subfield>
  </datafield>
  <datafield tag="490" ind1="1" ind2=" ">
    <subfield code="a">UNESCO collection of representative works</subfield>
  </datafield>
  <datafield tag="500" ind1=" " ind2=" ">
    <subfield code="a">Reprint. Originally published: London : Published for the Pali Text Society by Luzac, 1964.</subfield>
  </datafield>
  <datafield tag="500" ind1=" " ind2=" ">
    <subfield code="a">Includes indexes.</subfield>
  </datafield>
  <datafield tag="700" ind1="0" ind2=" ">
    <subfield code="a">Ñāṇamoli,</subfield>
    <subfield code="c">Bhikkhu,</subfield>
    <subfield code="d">-1960.</subfield>
  </datafield>
  <datafield tag="830" ind1=" " ind2="0">
    <subfield code="a">Translation series (London, England) ;</subfield>
    <subfield code="v">no. 35.</subfield>
  </datafield>
  <datafield tag="830" ind1=" " ind2="0">
    <subfield code="a">UNESCO collection of representative works.</subfield>
  </datafield>
  <datafield tag="942" ind1=" " ind2=" ">
    <subfield code="2">ddc</subfield>
    <subfield code="c">BK</subfield>
  </datafield>
  <datafield tag="952" ind1=" " ind2=" ">
    <subfield code="0">0</subfield>
    <subfield code="1">0</subfield>
    <subfield code="2">ddc</subfield>
    <subfield code="4">0</subfield>
    <subfield code="6">O_2_000000000000000_XII_01_01</subfield>
    <subfield code="7">0</subfield>
    <subfield code="9">234</subfield>
    <subfield code="a">bb_ar</subfield>
    <subfield code="b">bb_ar</subfield>
    <subfield code="c">O2</subfield>
    <subfield code="d">2016-12-22</subfield>
    <subfield code="o">O2 XII 01 01</subfield>
    <subfield code="r">2016-12-22</subfield>
    <subfield code="t">ej. 1</subfield>
    <subfield code="w">2016-12-22</subfield>
    <subfield code="y">BK</subfield>
  </datafield>
</record>