

<record>
  <leader>00486nam a22001577a 4500</leader>
  <datafield tag="999" ind1=" " ind2=" ">
    <subfield code="c">188</subfield>
    <subfield code="d">188</subfield>
  </datafield>
  <controlfield tag="003">OSt</controlfield>
  <controlfield tag="005">20161227154054.0</controlfield>
  <controlfield tag="008">161227b        xxu||||| |||| 00| 0 eng d</controlfield>
  <datafield tag="100" ind1="1" ind2=" ">
    <subfield code="a">Gnoli, G.</subfield>
  </datafield>
  <datafield tag="245" ind1="1" ind2="0">
    <subfield code="a">Estrato da Orientalia Iosephi Tucci memoriae dicata /</subfield>
    <subfield code="c">edenda curaverunt G. Gnoli et L. Lanciotti</subfield>
  </datafield>
  <datafield tag="260" ind1=" " ind2=" ">
    <subfield code="a">Roma :</subfield>
    <subfield code="b">Istituto Italiano per il Medio ed Estremo Oriente,</subfield>
    <subfield code="c">1985</subfield>
  </datafield>
  <datafield tag="300" ind1=" " ind2=" ">
    <subfield code="a">56 p.</subfield>
  </datafield>
  <datafield tag="490" ind1=" " ind2=" ">
    <subfield code="a">Orientale Roma ;</subfield>
    <subfield code="v">56, 1</subfield>
  </datafield>
  <datafield tag="700" ind1="1" ind2=" ">
    <subfield code="a">Lanciotti, L.</subfield>
  </datafield>
  <datafield tag="942" ind1=" " ind2=" ">
    <subfield code="2">ddc</subfield>
    <subfield code="c">BK</subfield>
  </datafield>
  <datafield tag="952" ind1=" " ind2=" ">
    <subfield code="0">0</subfield>
    <subfield code="1">0</subfield>
    <subfield code="2">ddc</subfield>
    <subfield code="4">0</subfield>
    <subfield code="6">S_XIV_4_000000000000000_18A</subfield>
    <subfield code="7">0</subfield>
    <subfield code="9">235</subfield>
    <subfield code="a">bb_ar</subfield>
    <subfield code="b">bb_ar</subfield>
    <subfield code="c">S</subfield>
    <subfield code="d">2016-12-27</subfield>
    <subfield code="o">S XIV 4 18a</subfield>
    <subfield code="r">2016-12-27</subfield>
    <subfield code="t">ej.1</subfield>
    <subfield code="w">2016-12-27</subfield>
    <subfield code="y">BK</subfield>
  </datafield>
</record>