

<record>
  <leader>00690nam a22001937a 4500</leader>
  <datafield tag="999" ind1=" " ind2=" ">
    <subfield code="c">189</subfield>
    <subfield code="d">189</subfield>
  </datafield>
  <controlfield tag="003">OSt</controlfield>
  <controlfield tag="005">20161227154815.0</controlfield>
  <controlfield tag="008">161227b        xxu||||| |||| 00| 0 eng d</controlfield>
  <datafield tag="041" ind1=" " ind2=" ">
    <subfield code="a">eng</subfield>
  </datafield>
  <datafield tag="245" ind1="0" ind2="0">
    <subfield code="a">Reprinted from Indological and buddhist studies :</subfield>
    <subfield code="b">volume in honour of Professor J. W. de Jong on his sixtieth birthday /</subfield>
    <subfield code="c">edited by L. A. Hercus...[et al.]</subfield>
  </datafield>
  <datafield tag="260" ind1=" " ind2=" ">
    <subfield code="a">Canberra :</subfield>
    <subfield code="b">Faculty of Asian Studies,</subfield>
    <subfield code="c">1982</subfield>
  </datafield>
  <datafield tag="300" ind1=" " ind2=" ">
    <subfield code="a">59 p.</subfield>
  </datafield>
  <datafield tag="500" ind1=" " ind2=" ">
    <subfield code="a">Autores: "L. A. Hercus, F. B. J. Kuiper, T. Rajapatirana, E. R. Skrzypczak".</subfield>
  </datafield>
  <datafield tag="700" ind1="1" ind2=" ">
    <subfield code="a">Hercus, L. A.</subfield>
    <subfield code="e">ed.</subfield>
  </datafield>
  <datafield tag="700" ind1="1" ind2=" ">
    <subfield code="a">Kuiper, F. B. J.</subfield>
    <subfield code="e">ed.</subfield>
  </datafield>
  <datafield tag="700" ind1="1" ind2=" ">
    <subfield code="a">Rajapatirana, T.</subfield>
    <subfield code="e">ed.</subfield>
  </datafield>
  <datafield tag="700" ind1="1" ind2=" ">
    <subfield code="a">Skrzypczak, E.R.</subfield>
    <subfield code="e">ed.</subfield>
  </datafield>
  <datafield tag="942" ind1=" " ind2=" ">
    <subfield code="2">ddc</subfield>
    <subfield code="c">BK</subfield>
  </datafield>
  <datafield tag="952" ind1=" " ind2=" ">
    <subfield code="0">0</subfield>
    <subfield code="1">0</subfield>
    <subfield code="2">ddc</subfield>
    <subfield code="4">0</subfield>
    <subfield code="6">S_XIV_04_000000000000000_18B</subfield>
    <subfield code="7">0</subfield>
    <subfield code="9">236</subfield>
    <subfield code="a">bb_ar</subfield>
    <subfield code="b">bb_ar</subfield>
    <subfield code="c">S</subfield>
    <subfield code="d">2016-12-27</subfield>
    <subfield code="o">S XIV 04 18b</subfield>
    <subfield code="r">2016-12-27</subfield>
    <subfield code="t">ej.1</subfield>
    <subfield code="w">2016-12-27</subfield>
    <subfield code="y">BK</subfield>
  </datafield>
</record>