

<record>
  <leader>00444nam a22001457a 4500</leader>
  <datafield tag="999" ind1=" " ind2=" ">
    <subfield code="c">190</subfield>
    <subfield code="d">190</subfield>
  </datafield>
  <controlfield tag="003">OSt</controlfield>
  <controlfield tag="005">20161227155316.0</controlfield>
  <controlfield tag="008">161227b        xxu||||| |||| 00| 0 eng d</controlfield>
  <datafield tag="041" ind1=" " ind2=" ">
    <subfield code="a">fre</subfield>
  </datafield>
  <datafield tag="245" ind1="0" ind2="0">
    <subfield code="a">Indianisme et bouddhisme :</subfield>
    <subfield code="b">mélanges offerts à Mgr. Étienne Lamotte</subfield>
  </datafield>
  <datafield tag="260" ind1=" " ind2=" ">
    <subfield code="a">Louvain :</subfield>
    <subfield code="b">Université Catholique d Louvain,</subfield>
    <subfield code="c">1980</subfield>
  </datafield>
  <datafield tag="300" ind1=" " ind2=" ">
    <subfield code="a">18 p.</subfield>
  </datafield>
  <datafield tag="490" ind1=" " ind2=" ">
    <subfield code="a">(Publications de l'Institut Orientaliste de Louvain ;</subfield>
    <subfield code="v">23)</subfield>
  </datafield>
  <datafield tag="942" ind1=" " ind2=" ">
    <subfield code="2">ddc</subfield>
    <subfield code="c">BK</subfield>
  </datafield>
  <datafield tag="952" ind1=" " ind2=" ">
    <subfield code="0">0</subfield>
    <subfield code="1">0</subfield>
    <subfield code="2">ddc</subfield>
    <subfield code="4">0</subfield>
    <subfield code="6">S_XIV_04_000000000000000_18C</subfield>
    <subfield code="7">0</subfield>
    <subfield code="9">237</subfield>
    <subfield code="a">bb_ar</subfield>
    <subfield code="b">bb_ar</subfield>
    <subfield code="c">S</subfield>
    <subfield code="d">2016-12-27</subfield>
    <subfield code="o">S XIV 04 18c</subfield>
    <subfield code="r">2016-12-27</subfield>
    <subfield code="t">ej.1</subfield>
    <subfield code="w">2016-12-27</subfield>
    <subfield code="y">BK</subfield>
  </datafield>
</record>