

<record>
  <leader>00435nam a22001457a 4500</leader>
  <datafield tag="999" ind1=" " ind2=" ">
    <subfield code="c">191</subfield>
    <subfield code="d">191</subfield>
  </datafield>
  <controlfield tag="003">OSt</controlfield>
  <controlfield tag="005">20161227162104.0</controlfield>
  <controlfield tag="008">161227b        xxu||||| |||| 00| 0 eng d</controlfield>
  <datafield tag="041" ind1=" " ind2=" ">
    <subfield code="a">fre</subfield>
  </datafield>
  <datafield tag="245" ind1="0" ind2="0">
    <subfield code="a">Bulletin de l'École Française d'Extrême-Orient</subfield>
  </datafield>
  <datafield tag="260" ind1=" " ind2=" ">
    <subfield code="a">Paris :</subfield>
    <subfield code="b">École Française d'Extrême-Orient,</subfield>
    <subfield code="c">1979-1981</subfield>
  </datafield>
  <datafield tag="300" ind1=" " ind2=" ">
    <subfield code="a">  v.</subfield>
  </datafield>
  <datafield tag="505" ind1=" " ind2=" ">
    <subfield code="a">Contenido: v. 69: à la mémoire de Paul Demiéville (1894-1979).</subfield>
  </datafield>
  <datafield tag="942" ind1=" " ind2=" ">
    <subfield code="2">ddc</subfield>
    <subfield code="c">BK</subfield>
  </datafield>
  <datafield tag="952" ind1=" " ind2=" ">
    <subfield code="0">0</subfield>
    <subfield code="1">0</subfield>
    <subfield code="2">ddc</subfield>
    <subfield code="4">0</subfield>
    <subfield code="6">S_XIV_04_000000000000000_18D</subfield>
    <subfield code="7">0</subfield>
    <subfield code="9">238</subfield>
    <subfield code="a">bb_ar</subfield>
    <subfield code="b">bb_ar</subfield>
    <subfield code="c">S</subfield>
    <subfield code="d">2016-12-27</subfield>
    <subfield code="h">v.69</subfield>
    <subfield code="o">S XIV 04 18d</subfield>
    <subfield code="r">2016-12-27</subfield>
    <subfield code="t">ej.1</subfield>
    <subfield code="w">2016-12-27</subfield>
    <subfield code="y">BK</subfield>
  </datafield>
  <datafield tag="952" ind1=" " ind2=" ">
    <subfield code="0">0</subfield>
    <subfield code="1">0</subfield>
    <subfield code="2">ddc</subfield>
    <subfield code="4">0</subfield>
    <subfield code="6">S_XIV_04_000000000000000_18D</subfield>
    <subfield code="7">0</subfield>
    <subfield code="9">239</subfield>
    <subfield code="a">bb_ar</subfield>
    <subfield code="b">bb_ar</subfield>
    <subfield code="c">S</subfield>
    <subfield code="d">2016-12-27</subfield>
    <subfield code="h">v.66</subfield>
    <subfield code="o">S XIV 04 18d</subfield>
    <subfield code="r">2016-12-27</subfield>
    <subfield code="t">ej.1</subfield>
    <subfield code="w">2016-12-27</subfield>
    <subfield code="y">BK</subfield>
  </datafield>
</record>