

<record>
  <leader>00371nam a22001457a 4500</leader>
  <datafield tag="999" ind1=" " ind2=" ">
    <subfield code="c">192</subfield>
    <subfield code="d">192</subfield>
  </datafield>
  <controlfield tag="003">OSt</controlfield>
  <controlfield tag="005">20161227162923.0</controlfield>
  <controlfield tag="008">161227b        xxu||||| |||| 00| 0 eng d</controlfield>
  <datafield tag="041" ind1=" " ind2=" ">
    <subfield code="a">fre</subfield>
  </datafield>
  <datafield tag="245" ind1="0" ind2="0">
    <subfield code="a">Annuaire du Collège de France :</subfield>
    <subfield code="b">résumé des cours et travaux</subfield>
  </datafield>
  <datafield tag="260" ind1=" " ind2=" ">
    <subfield code="a">Paris :</subfield>
    <subfield code="b">Collège de France</subfield>
  </datafield>
  <datafield tag="310" ind1=" " ind2=" ">
    <subfield code="a">Anual</subfield>
  </datafield>
  <datafield tag="362" ind1=" " ind2=" ">
    <subfield code="a">(1976) - (1991)</subfield>
  </datafield>
  <datafield tag="942" ind1=" " ind2=" ">
    <subfield code="2">ddc</subfield>
    <subfield code="c">BK</subfield>
  </datafield>
  <datafield tag="952" ind1=" " ind2=" ">
    <subfield code="0">0</subfield>
    <subfield code="1">0</subfield>
    <subfield code="2">ddc</subfield>
    <subfield code="4">0</subfield>
    <subfield code="6">S_XIV_04_000000000000000_18E</subfield>
    <subfield code="7">0</subfield>
    <subfield code="9">240</subfield>
    <subfield code="a">bb_ar</subfield>
    <subfield code="b">bb_ar</subfield>
    <subfield code="c">S</subfield>
    <subfield code="d">2016-12-27</subfield>
    <subfield code="h">(1976/1977)</subfield>
    <subfield code="o">S XIV 04 18e</subfield>
    <subfield code="r">2016-12-27</subfield>
    <subfield code="t">ej.1</subfield>
    <subfield code="w">2016-12-27</subfield>
    <subfield code="y">BK</subfield>
  </datafield>
  <datafield tag="952" ind1=" " ind2=" ">
    <subfield code="0">0</subfield>
    <subfield code="1">0</subfield>
    <subfield code="2">ddc</subfield>
    <subfield code="4">0</subfield>
    <subfield code="6">S_XIV_04_000000000000000_18E</subfield>
    <subfield code="7">0</subfield>
    <subfield code="9">241</subfield>
    <subfield code="a">bb_ar</subfield>
    <subfield code="b">bb_ar</subfield>
    <subfield code="c">S</subfield>
    <subfield code="d">2016-12-27</subfield>
    <subfield code="h">(1977/1978)</subfield>
    <subfield code="o">S XIV 04 18e</subfield>
    <subfield code="r">2016-12-27</subfield>
    <subfield code="t">ej.1</subfield>
    <subfield code="w">2016-12-27</subfield>
    <subfield code="y">BK</subfield>
  </datafield>
  <datafield tag="952" ind1=" " ind2=" ">
    <subfield code="0">0</subfield>
    <subfield code="1">0</subfield>
    <subfield code="2">ddc</subfield>
    <subfield code="4">0</subfield>
    <subfield code="6">S_XIV_04_000000000000000_18E</subfield>
    <subfield code="7">0</subfield>
    <subfield code="9">242</subfield>
    <subfield code="a">bb_ar</subfield>
    <subfield code="b">bb_ar</subfield>
    <subfield code="c">S</subfield>
    <subfield code="d">2016-12-27</subfield>
    <subfield code="h">(1978/1979)</subfield>
    <subfield code="o">S XIV 04 18e</subfield>
    <subfield code="r">2016-12-27</subfield>
    <subfield code="t">ej.1</subfield>
    <subfield code="w">2016-12-27</subfield>
    <subfield code="y">BK</subfield>
  </datafield>
  <datafield tag="952" ind1=" " ind2=" ">
    <subfield code="0">0</subfield>
    <subfield code="1">0</subfield>
    <subfield code="2">ddc</subfield>
    <subfield code="4">0</subfield>
    <subfield code="6">S_XIV_04_000000000000000_18E</subfield>
    <subfield code="7">0</subfield>
    <subfield code="9">243</subfield>
    <subfield code="a">bb_ar</subfield>
    <subfield code="b">bb_ar</subfield>
    <subfield code="c">S</subfield>
    <subfield code="d">2016-12-27</subfield>
    <subfield code="h">(1979/1980)</subfield>
    <subfield code="o">S XIV 04 18e</subfield>
    <subfield code="r">2016-12-27</subfield>
    <subfield code="t">ej.1</subfield>
    <subfield code="w">2016-12-27</subfield>
    <subfield code="y">BK</subfield>
  </datafield>
  <datafield tag="952" ind1=" " ind2=" ">
    <subfield code="0">0</subfield>
    <subfield code="1">0</subfield>
    <subfield code="2">ddc</subfield>
    <subfield code="4">0</subfield>
    <subfield code="6">S_XIV_04_000000000000000_18E</subfield>
    <subfield code="7">0</subfield>
    <subfield code="9">244</subfield>
    <subfield code="a">bb_ar</subfield>
    <subfield code="b">bb_ar</subfield>
    <subfield code="c">S</subfield>
    <subfield code="d">2016-12-27</subfield>
    <subfield code="h">(1980/1981)</subfield>
    <subfield code="o">S XIV 04 18e</subfield>
    <subfield code="r">2016-12-27</subfield>
    <subfield code="t">ej.1</subfield>
    <subfield code="w">2016-12-27</subfield>
    <subfield code="y">BK</subfield>
  </datafield>
  <datafield tag="952" ind1=" " ind2=" ">
    <subfield code="0">0</subfield>
    <subfield code="1">0</subfield>
    <subfield code="2">ddc</subfield>
    <subfield code="4">0</subfield>
    <subfield code="6">S_XIV_04_000000000000000_18E</subfield>
    <subfield code="7">0</subfield>
    <subfield code="9">245</subfield>
    <subfield code="a">bb_ar</subfield>
    <subfield code="b">bb_ar</subfield>
    <subfield code="c">S</subfield>
    <subfield code="d">2016-12-27</subfield>
    <subfield code="h">(1981/1982)</subfield>
    <subfield code="o">S XIV 04 18e</subfield>
    <subfield code="r">2016-12-27</subfield>
    <subfield code="t">ej.1</subfield>
    <subfield code="w">2016-12-27</subfield>
    <subfield code="y">BK</subfield>
  </datafield>
  <datafield tag="952" ind1=" " ind2=" ">
    <subfield code="0">0</subfield>
    <subfield code="1">0</subfield>
    <subfield code="2">ddc</subfield>
    <subfield code="4">0</subfield>
    <subfield code="6">S_XIV_04_000000000000000_18E</subfield>
    <subfield code="7">0</subfield>
    <subfield code="9">246</subfield>
    <subfield code="a">bb_ar</subfield>
    <subfield code="b">bb_ar</subfield>
    <subfield code="c">S</subfield>
    <subfield code="d">2016-12-27</subfield>
    <subfield code="h">(1982/1983)</subfield>
    <subfield code="o">S XIV 04 18e</subfield>
    <subfield code="r">2016-12-27</subfield>
    <subfield code="t">ej.1</subfield>
    <subfield code="w">2016-12-27</subfield>
    <subfield code="y">BK</subfield>
  </datafield>
  <datafield tag="952" ind1=" " ind2=" ">
    <subfield code="0">0</subfield>
    <subfield code="1">0</subfield>
    <subfield code="2">ddc</subfield>
    <subfield code="4">0</subfield>
    <subfield code="6">S_XIV_04_000000000000000_18E</subfield>
    <subfield code="7">0</subfield>
    <subfield code="9">247</subfield>
    <subfield code="a">bb_ar</subfield>
    <subfield code="b">bb_ar</subfield>
    <subfield code="c">S</subfield>
    <subfield code="d">2016-12-27</subfield>
    <subfield code="h">(1983/1984)</subfield>
    <subfield code="o">S XIV 04 18e</subfield>
    <subfield code="r">2016-12-27</subfield>
    <subfield code="t">ej.1</subfield>
    <subfield code="w">2016-12-27</subfield>
    <subfield code="y">BK</subfield>
  </datafield>
  <datafield tag="952" ind1=" " ind2=" ">
    <subfield code="0">0</subfield>
    <subfield code="1">0</subfield>
    <subfield code="2">ddc</subfield>
    <subfield code="4">0</subfield>
    <subfield code="6">S_XIV_04_000000000000000_18E</subfield>
    <subfield code="7">0</subfield>
    <subfield code="9">248</subfield>
    <subfield code="a">bb_ar</subfield>
    <subfield code="b">bb_ar</subfield>
    <subfield code="c">S</subfield>
    <subfield code="d">2016-12-27</subfield>
    <subfield code="h">(1985/1986)</subfield>
    <subfield code="o">S XIV 04 18e</subfield>
    <subfield code="r">2016-12-27</subfield>
    <subfield code="t">ej.1</subfield>
    <subfield code="w">2016-12-27</subfield>
    <subfield code="y">BK</subfield>
  </datafield>
  <datafield tag="952" ind1=" " ind2=" ">
    <subfield code="0">0</subfield>
    <subfield code="1">0</subfield>
    <subfield code="2">ddc</subfield>
    <subfield code="4">0</subfield>
    <subfield code="6">S_XIV_04_000000000000000_18E</subfield>
    <subfield code="7">0</subfield>
    <subfield code="9">249</subfield>
    <subfield code="a">bb_ar</subfield>
    <subfield code="b">bb_ar</subfield>
    <subfield code="c">S</subfield>
    <subfield code="d">2016-12-27</subfield>
    <subfield code="h">(1986/1987)</subfield>
    <subfield code="o">S XIV 04 18e</subfield>
    <subfield code="r">2016-12-27</subfield>
    <subfield code="t">ej.1</subfield>
    <subfield code="w">2016-12-27</subfield>
    <subfield code="y">BK</subfield>
  </datafield>
  <datafield tag="952" ind1=" " ind2=" ">
    <subfield code="0">0</subfield>
    <subfield code="1">0</subfield>
    <subfield code="2">ddc</subfield>
    <subfield code="4">0</subfield>
    <subfield code="6">S_XIV_04_000000000000000_18E</subfield>
    <subfield code="7">0</subfield>
    <subfield code="9">250</subfield>
    <subfield code="a">bb_ar</subfield>
    <subfield code="b">bb_ar</subfield>
    <subfield code="c">S</subfield>
    <subfield code="d">2016-12-27</subfield>
    <subfield code="h">(1987/1988)</subfield>
    <subfield code="o">S XIV 04 18e</subfield>
    <subfield code="r">2016-12-27</subfield>
    <subfield code="t">ej.1</subfield>
    <subfield code="w">2016-12-27</subfield>
    <subfield code="y">BK</subfield>
  </datafield>
  <datafield tag="952" ind1=" " ind2=" ">
    <subfield code="0">0</subfield>
    <subfield code="1">0</subfield>
    <subfield code="2">ddc</subfield>
    <subfield code="4">0</subfield>
    <subfield code="6">S_XIV_04_000000000000000_18E</subfield>
    <subfield code="7">0</subfield>
    <subfield code="9">251</subfield>
    <subfield code="a">bb_ar</subfield>
    <subfield code="b">bb_ar</subfield>
    <subfield code="c">S</subfield>
    <subfield code="d">2016-12-27</subfield>
    <subfield code="h">(1988/1989)</subfield>
    <subfield code="o">S XIV 04 18e</subfield>
    <subfield code="r">2016-12-27</subfield>
    <subfield code="t">ej.1</subfield>
    <subfield code="w">2016-12-27</subfield>
    <subfield code="y">BK</subfield>
  </datafield>
  <datafield tag="952" ind1=" " ind2=" ">
    <subfield code="0">0</subfield>
    <subfield code="1">0</subfield>
    <subfield code="2">ddc</subfield>
    <subfield code="4">0</subfield>
    <subfield code="6">S_XIV_04_000000000000000_18E</subfield>
    <subfield code="7">0</subfield>
    <subfield code="9">252</subfield>
    <subfield code="a">bb_ar</subfield>
    <subfield code="b">bb_ar</subfield>
    <subfield code="c">S</subfield>
    <subfield code="d">2016-12-27</subfield>
    <subfield code="h">(1989/1990)</subfield>
    <subfield code="o">S XIV 04 18e</subfield>
    <subfield code="r">2016-12-27</subfield>
    <subfield code="t">ej.1</subfield>
    <subfield code="w">2016-12-27</subfield>
    <subfield code="y">BK</subfield>
  </datafield>
  <datafield tag="952" ind1=" " ind2=" ">
    <subfield code="0">0</subfield>
    <subfield code="1">0</subfield>
    <subfield code="2">ddc</subfield>
    <subfield code="4">0</subfield>
    <subfield code="6">S_XIV_04_000000000000000_18E</subfield>
    <subfield code="7">0</subfield>
    <subfield code="9">253</subfield>
    <subfield code="a">bb_ar</subfield>
    <subfield code="b">bb_ar</subfield>
    <subfield code="c">S</subfield>
    <subfield code="d">2016-12-27</subfield>
    <subfield code="h">(1990/1991)</subfield>
    <subfield code="o">S XIV 04 18e</subfield>
    <subfield code="r">2016-12-27</subfield>
    <subfield code="t">ej.1</subfield>
    <subfield code="w">2016-12-27</subfield>
    <subfield code="y">BK</subfield>
  </datafield>
</record>