

<record>
  <leader>00960nam a22001577a 4500</leader>
  <datafield tag="999" ind1=" " ind2=" ">
    <subfield code="c">193</subfield>
    <subfield code="d">193</subfield>
  </datafield>
  <controlfield tag="003">OSt</controlfield>
  <controlfield tag="005">20161230134938.0</controlfield>
  <controlfield tag="008">161230b        xxu||||| |||| 00| 0 eng d</controlfield>
  <datafield tag="041" ind1=" " ind2=" ">
    <subfield code="a">gem</subfield>
  </datafield>
  <datafield tag="100" ind1="1" ind2=" ">
    <subfield code="a">Hinüber, O. von</subfield>
  </datafield>
  <datafield tag="245" ind1="1" ind2="0">
    <subfield code="a">Kleine schriften /</subfield>
    <subfield code="c">O. von Hinüber</subfield>
  </datafield>
  <datafield tag="260" ind1=" " ind2=" ">
    <subfield code="a">[s.l.] :</subfield>
    <subfield code="b">[s.n.],</subfield>
    <subfield code="c">[19--]</subfield>
  </datafield>
  <datafield tag="300" ind1=" " ind2=" ">
    <subfield code="a">  v.</subfield>
  </datafield>
  <datafield tag="505" ind1=" " ind2=" ">
    <subfield code="a">Contenido: Vedisch nivate und pali nivatake;  Pali ulloka; Zeitschrift für vergleichende sprachforschung; Sprachliche beobachtungen zum aufbau des pali-kanons; Eine karmavacana-sammlung aus Gilgit; Die "dreifache" wirkung des karma; Zur geschichte des sprachnamens pali; Zur technologie der zuckerherstellung im alten Indien; Das nandyavarta-symbol; Zu einigen felsinschriften in Brahma aus Nord Pakistan; Pali philology and the tibetan translation of buddhist texts: two examples (pacuta, sota); Probleme der technikgeschichte im alten Indien; The Gilgit Samghatasutra in the S.P.S. Museum, Srinagar.</subfield>
  </datafield>
  <datafield tag="942" ind1=" " ind2=" ">
    <subfield code="2">ddc</subfield>
    <subfield code="c">BK</subfield>
  </datafield>
  <datafield tag="952" ind1=" " ind2=" ">
    <subfield code="0">0</subfield>
    <subfield code="1">0</subfield>
    <subfield code="2">ddc</subfield>
    <subfield code="4">0</subfield>
    <subfield code="6">S_XIV_05_320000000000000</subfield>
    <subfield code="7">0</subfield>
    <subfield code="9">254</subfield>
    <subfield code="a">bb_ar</subfield>
    <subfield code="b">bb_ar</subfield>
    <subfield code="c">S</subfield>
    <subfield code="d">2016-12-30</subfield>
    <subfield code="o">S XIV 05 32</subfield>
    <subfield code="r">2016-12-30</subfield>
    <subfield code="t">ej.1</subfield>
    <subfield code="w">2016-12-30</subfield>
    <subfield code="y">BK</subfield>
  </datafield>
</record>