

<record>
  <leader>00355nam a22001337a 4500</leader>
  <datafield tag="999" ind1=" " ind2=" ">
    <subfield code="c">194</subfield>
    <subfield code="d">194</subfield>
  </datafield>
  <controlfield tag="003">OSt</controlfield>
  <controlfield tag="005">20161230141848.0</controlfield>
  <controlfield tag="008">161230b        xxu||||| |||| 00| 0 eng d</controlfield>
  <datafield tag="041" ind1=" " ind2=" ">
    <subfield code="a">eng</subfield>
  </datafield>
  <datafield tag="245" ind1="0" ind2="4">
    <subfield code="a">The enlightenment sutra with annotations</subfield>
  </datafield>
  <datafield tag="260" ind1=" " ind2=" ">
    <subfield code="a">New York :</subfield>
    <subfield code="b">The Buddhist Association of the United States,</subfield>
    <subfield code="c">[19--]</subfield>
  </datafield>
  <datafield tag="300" ind1=" " ind2=" ">
    <subfield code="a">17 p.</subfield>
  </datafield>
  <datafield tag="942" ind1=" " ind2=" ">
    <subfield code="2">ddc</subfield>
    <subfield code="c">BK</subfield>
  </datafield>
  <datafield tag="952" ind1=" " ind2=" ">
    <subfield code="0">0</subfield>
    <subfield code="1">0</subfield>
    <subfield code="2">ddc</subfield>
    <subfield code="4">0</subfield>
    <subfield code="6">S_XIV_06_000000000000000_17A</subfield>
    <subfield code="7">0</subfield>
    <subfield code="9">255</subfield>
    <subfield code="a">bb_ar</subfield>
    <subfield code="b">bb_ar</subfield>
    <subfield code="c">S</subfield>
    <subfield code="d">2016-12-30</subfield>
    <subfield code="o">S XIV 06 17a</subfield>
    <subfield code="r">2016-12-30</subfield>
    <subfield code="t">ej.1</subfield>
    <subfield code="w">2016-12-30</subfield>
    <subfield code="y">BK</subfield>
  </datafield>
</record>