

<record>
  <leader>00418nam a22001457a 4500</leader>
  <datafield tag="999" ind1=" " ind2=" ">
    <subfield code="c">195</subfield>
    <subfield code="d">195</subfield>
  </datafield>
  <controlfield tag="003">OSt</controlfield>
  <controlfield tag="005">20161230143020.0</controlfield>
  <controlfield tag="008">161230b        xxu||||| |||| 00| 0 eng d</controlfield>
  <datafield tag="020" ind1=" " ind2=" ">
    <subfield code="a">950-43-2580-7</subfield>
  </datafield>
  <datafield tag="041" ind1=" " ind2=" ">
    <subfield code="a">spa</subfield>
  </datafield>
  <datafield tag="245" ind1="0" ind2="0">
    <subfield code="a">Sutra diamantino =</subfield>
    <subfield code="b">Chin-kan po-lo po-ro-mi chin : Vajra prajña paramita sutra</subfield>
  </datafield>
  <datafield tag="260" ind1=" " ind2=" ">
    <subfield code="a">Buenos Aires :</subfield>
    <subfield code="b">Asociación Budista en la Argentina,</subfield>
    <subfield code="c">c1989</subfield>
  </datafield>
  <datafield tag="300" ind1=" " ind2=" ">
    <subfield code="a">108 p.</subfield>
  </datafield>
  <datafield tag="942" ind1=" " ind2=" ">
    <subfield code="2">ddc</subfield>
    <subfield code="c">BK</subfield>
  </datafield>
  <datafield tag="952" ind1=" " ind2=" ">
    <subfield code="0">0</subfield>
    <subfield code="1">0</subfield>
    <subfield code="2">ddc</subfield>
    <subfield code="4">0</subfield>
    <subfield code="6">S_XIV_06_210000000000000</subfield>
    <subfield code="7">0</subfield>
    <subfield code="9">256</subfield>
    <subfield code="a">bb_ar</subfield>
    <subfield code="b">bb_ar</subfield>
    <subfield code="c">S</subfield>
    <subfield code="d">2016-12-30</subfield>
    <subfield code="o">S XIV 06 21</subfield>
    <subfield code="r">2016-12-30</subfield>
    <subfield code="t">ej.1</subfield>
    <subfield code="w">2016-12-30</subfield>
    <subfield code="y">BK</subfield>
  </datafield>
</record>