

<record>
  <leader>00632nam a22001697a 4500</leader>
  <datafield tag="999" ind1=" " ind2=" ">
    <subfield code="c">196</subfield>
    <subfield code="d">196</subfield>
  </datafield>
  <controlfield tag="003">OSt</controlfield>
  <controlfield tag="005">20161230144600.0</controlfield>
  <controlfield tag="008">161230b        xxu||||| |||| 00| 0 eng d</controlfield>
  <datafield tag="041" ind1=" " ind2=" ">
    <subfield code="a">por</subfield>
  </datafield>
  <datafield tag="100" ind1="1" ind2=" ">
    <subfield code="a">Bhikshuni Dzau Dzan</subfield>
    <subfield code="e">tr.</subfield>
  </datafield>
  <datafield tag="245" ind1="1" ind2="2">
    <subfield code="a">A porta universal do Bodhisattva Avalokitasvara (o que contempla os sons do mundo) :</subfield>
    <subfield code="b">capítulo XXV do Sutra do Loto /</subfield>
    <subfield code="c">versão original em espanhol traduzida do chinês por Bhikshuni Dzau Dzan, Fernando Tola e Carmen Dragonetti</subfield>
  </datafield>
  <datafield tag="260" ind1=" " ind2=" ">
    <subfield code="a">São Paulo :</subfield>
    <subfield code="b">Templo Tzong Kuan,</subfield>
    <subfield code="c">1997</subfield>
  </datafield>
  <datafield tag="300" ind1=" " ind2=" ">
    <subfield code="a">46 p.</subfield>
  </datafield>
  <datafield tag="700" ind1="1" ind2=" ">
    <subfield code="a">Tola, Fernando</subfield>
    <subfield code="e">tr.</subfield>
  </datafield>
  <datafield tag="700" ind1="1" ind2=" ">
    <subfield code="a">Dragonetti, Carmen</subfield>
    <subfield code="e">tr.</subfield>
  </datafield>
  <datafield tag="942" ind1=" " ind2=" ">
    <subfield code="2">ddc</subfield>
    <subfield code="c">BK</subfield>
  </datafield>
  <datafield tag="952" ind1=" " ind2=" ">
    <subfield code="0">0</subfield>
    <subfield code="1">0</subfield>
    <subfield code="2">ddc</subfield>
    <subfield code="4">0</subfield>
    <subfield code="6">S_XIV_06_000000000000000_23A</subfield>
    <subfield code="7">0</subfield>
    <subfield code="9">257</subfield>
    <subfield code="a">bb_ar</subfield>
    <subfield code="b">bb_ar</subfield>
    <subfield code="c">S</subfield>
    <subfield code="d">2016-12-30</subfield>
    <subfield code="o">S XIV 06 23a</subfield>
    <subfield code="r">2016-12-30</subfield>
    <subfield code="t">ej.1</subfield>
    <subfield code="w">2016-12-30</subfield>
    <subfield code="y">BK</subfield>
  </datafield>
</record>