

<record>
  <leader>00572nam a22001697a 4500</leader>
  <datafield tag="999" ind1=" " ind2=" ">
    <subfield code="c">197</subfield>
    <subfield code="d">197</subfield>
  </datafield>
  <controlfield tag="003">OSt</controlfield>
  <controlfield tag="005">20170106152450.0</controlfield>
  <controlfield tag="008">170106b        xxu||||| |||| 00| 0 eng d</controlfield>
  <datafield tag="020" ind1=" " ind2=" ">
    <subfield code="a">3-9803052-2-8</subfield>
  </datafield>
  <datafield tag="041" ind1=" " ind2=" ">
    <subfield code="a">eng</subfield>
  </datafield>
  <datafield tag="100" ind1="1" ind2=" ">
    <subfield code="a">Günzel, Marcus</subfield>
  </datafield>
  <datafield tag="245" ind1="1" ind2="4">
    <subfield code="a">Die morgen und abendliturgie der chinesischen buddhisten /</subfield>
    <subfield code="c">von Marcus Günzel</subfield>
  </datafield>
  <datafield tag="260" ind1=" " ind2=" ">
    <subfield code="a">Göttingen :</subfield>
    <subfield code="b">Seminar für Indologie und Buddhismuskunde,</subfield>
    <subfield code="c">1994</subfield>
  </datafield>
  <datafield tag="300" ind1=" " ind2=" ">
    <subfield code="a">238 p.</subfield>
  </datafield>
  <datafield tag="490" ind1=" " ind2=" ">
    <subfield code="a">(Veröffentlichungen des seminars für indologie und buddhismuskunde der Universität Göttingen ;</subfield>
    <subfield code="v">6)</subfield>
  </datafield>
  <datafield tag="942" ind1=" " ind2=" ">
    <subfield code="2">ddc</subfield>
    <subfield code="c">BK</subfield>
  </datafield>
  <datafield tag="952" ind1=" " ind2=" ">
    <subfield code="0">0</subfield>
    <subfield code="1">0</subfield>
    <subfield code="2">ddc</subfield>
    <subfield code="4">0</subfield>
    <subfield code="6">S_XIV_06_290000000000000</subfield>
    <subfield code="7">0</subfield>
    <subfield code="9">258</subfield>
    <subfield code="a">bb_ar</subfield>
    <subfield code="b">bb_ar</subfield>
    <subfield code="c">S</subfield>
    <subfield code="d">2017-01-06</subfield>
    <subfield code="o">S XIV 06 29</subfield>
    <subfield code="r">2017-01-06</subfield>
    <subfield code="t">ej.1</subfield>
    <subfield code="w">2017-01-06</subfield>
    <subfield code="y">BK</subfield>
  </datafield>
</record>