

<record>
  <leader>00845nam a22001937a 4500</leader>
  <datafield tag="999" ind1=" " ind2=" ">
    <subfield code="c">198</subfield>
    <subfield code="d">198</subfield>
  </datafield>
  <controlfield tag="003">OSt</controlfield>
  <controlfield tag="005">20170106153907.0</controlfield>
  <controlfield tag="008">170106b        xxu||||| |||| 00| 0 eng d</controlfield>
  <datafield tag="020" ind1=" " ind2=" ">
    <subfield code="a">0-913546-02-X</subfield>
  </datafield>
  <datafield tag="041" ind1=" " ind2=" ">
    <subfield code="a">eng</subfield>
  </datafield>
  <datafield tag="100" ind1="1" ind2=" ">
    <subfield code="a">Tulku, Tarthang</subfield>
    <subfield code="e">tr.</subfield>
  </datafield>
  <datafield tag="245" ind1="1" ind2="0">
    <subfield code="a">Calm and clear =</subfield>
    <subfield code="b">Mi-pham'Jam-dbyangs rnam-gyal rgya-mtsho /</subfield>
    <subfield code="c">translated from the tibetan with commentary by Tarthang Tulku ; foreword by Herbert V. Guenther</subfield>
  </datafield>
  <datafield tag="260" ind1=" " ind2=" ">
    <subfield code="a">California :</subfield>
    <subfield code="b">Dharma Publishing,</subfield>
    <subfield code="c">1973</subfield>
  </datafield>
  <datafield tag="300" ind1=" " ind2=" ">
    <subfield code="a">123 p.</subfield>
  </datafield>
  <datafield tag="490" ind1=" " ind2=" ">
    <subfield code="a">(Tibetan translation series ;</subfield>
    <subfield code="v">1)</subfield>
  </datafield>
  <datafield tag="501" ind1=" " ind2=" ">
    <subfield code="a">Con: The Wheel of analytic meditation : sems-kyi dpyod-pa rnam-par sbyong-ba so-sor brtag-pa'i dpyad sgom 'khor-lo-ma zhes bya-ba bzhugs-so.-- Instructions on vision in the middle way: Dbu-ma'i lta khrid zab-mo bzhugs-so.</subfield>
  </datafield>
  <datafield tag="700" ind1="1" ind2=" ">
    <subfield code="a">Guenther, Herbert V. </subfield>
    <subfield code="e">prol.</subfield>
  </datafield>
  <datafield tag="942" ind1=" " ind2=" ">
    <subfield code="2">ddc</subfield>
    <subfield code="c">BK</subfield>
  </datafield>
  <datafield tag="952" ind1=" " ind2=" ">
    <subfield code="0">0</subfield>
    <subfield code="1">0</subfield>
    <subfield code="2">ddc</subfield>
    <subfield code="4">0</subfield>
    <subfield code="6">S_XIV_06_300000000000000</subfield>
    <subfield code="7">0</subfield>
    <subfield code="9">259</subfield>
    <subfield code="a">bb_ar</subfield>
    <subfield code="b">bb_ar</subfield>
    <subfield code="c">S</subfield>
    <subfield code="d">2017-01-06</subfield>
    <subfield code="o">S XIV 06 30</subfield>
    <subfield code="r">2017-01-06</subfield>
    <subfield code="t">ej.1</subfield>
    <subfield code="w">2017-01-06</subfield>
    <subfield code="y">BK</subfield>
  </datafield>
</record>