

<record>
  <leader>00423nam a22001457a 4500</leader>
  <datafield tag="999" ind1=" " ind2=" ">
    <subfield code="c">199</subfield>
    <subfield code="d">199</subfield>
  </datafield>
  <controlfield tag="003">OSt</controlfield>
  <controlfield tag="005">20170106160955.0</controlfield>
  <controlfield tag="008">170106b        xxu||||| |||| 00| 0 eng d</controlfield>
  <datafield tag="041" ind1=" " ind2=" ">
    <subfield code="a">eng</subfield>
  </datafield>
  <datafield tag="100" ind1="1" ind2=" ">
    <subfield code="a">Hsüan Hua</subfield>
  </datafield>
  <datafield tag="245" ind1="1" ind2="2">
    <subfield code="a">A general explanation of The Buddha speaks of Amitabha sutra /</subfield>
    <subfield code="c">by Tripitaka Master Hua</subfield>
  </datafield>
  <datafield tag="260" ind1=" " ind2=" ">
    <subfield code="a">San Francisco :</subfield>
    <subfield code="b">Buddhist Text Translation Society,</subfield>
    <subfield code="c">[19--]</subfield>
  </datafield>
  <datafield tag="300" ind1=" " ind2=" ">
    <subfield code="a">159 p.</subfield>
  </datafield>
  <datafield tag="942" ind1=" " ind2=" ">
    <subfield code="2">ddc</subfield>
    <subfield code="c">BK</subfield>
  </datafield>
  <datafield tag="952" ind1=" " ind2=" ">
    <subfield code="0">0</subfield>
    <subfield code="1">0</subfield>
    <subfield code="2">ddc</subfield>
    <subfield code="4">0</subfield>
    <subfield code="6">S_XIV_06_310000000000000</subfield>
    <subfield code="7">0</subfield>
    <subfield code="9">260</subfield>
    <subfield code="a">bb_ar</subfield>
    <subfield code="b">bb_ar</subfield>
    <subfield code="c">S</subfield>
    <subfield code="d">2017-01-06</subfield>
    <subfield code="o">S XIV 06 31</subfield>
    <subfield code="r">2017-01-06</subfield>
    <subfield code="t">ej.1</subfield>
    <subfield code="w">2017-01-06</subfield>
    <subfield code="y">BK</subfield>
  </datafield>
</record>