

<record>
  <leader>00489nam a22001577a 4500</leader>
  <datafield tag="999" ind1=" " ind2=" ">
    <subfield code="c">200</subfield>
    <subfield code="d">200</subfield>
  </datafield>
  <controlfield tag="003">OSt</controlfield>
  <controlfield tag="005">20170106163430.0</controlfield>
  <controlfield tag="008">170106b        xxu||||| |||| 00| 0 eng d</controlfield>
  <datafield tag="041" ind1=" " ind2=" ">
    <subfield code="a">fre</subfield>
  </datafield>
  <datafield tag="100" ind1="1" ind2=" ">
    <subfield code="a">Gimaret, Daniel</subfield>
  </datafield>
  <datafield tag="245" ind1="1" ind2="3">
    <subfield code="a">Le livre de Bilawhar et Budasf :</subfield>
    <subfield code="b">selon la version arabe ismaélienne /</subfield>
    <subfield code="c">par Daniel Gimaret</subfield>
  </datafield>
  <datafield tag="260" ind1=" " ind2=" ">
    <subfield code="a">Genève :</subfield>
    <subfield code="b">Librairie Droz,</subfield>
    <subfield code="c">1971</subfield>
  </datafield>
  <datafield tag="300" ind1=" " ind2=" ">
    <subfield code="a">215 p.</subfield>
  </datafield>
  <datafield tag="490" ind1=" " ind2=" ">
    <subfield code="a">(Hautes études islamiques et orientales d'histoire comparée ;</subfield>
    <subfield code="v">3)</subfield>
  </datafield>
  <datafield tag="942" ind1=" " ind2=" ">
    <subfield code="2">ddc</subfield>
    <subfield code="c">BK</subfield>
  </datafield>
  <datafield tag="952" ind1=" " ind2=" ">
    <subfield code="0">0</subfield>
    <subfield code="1">0</subfield>
    <subfield code="2">ddc</subfield>
    <subfield code="4">0</subfield>
    <subfield code="6">S_XIV_06_320000000000000</subfield>
    <subfield code="7">0</subfield>
    <subfield code="9">261</subfield>
    <subfield code="a">bb_ar</subfield>
    <subfield code="b">bb_ar</subfield>
    <subfield code="c">S</subfield>
    <subfield code="d">2017-01-06</subfield>
    <subfield code="o">S XIV 06 32</subfield>
    <subfield code="r">2017-01-06</subfield>
    <subfield code="t">ej.1</subfield>
    <subfield code="w">2017-01-06</subfield>
    <subfield code="y">BK</subfield>
  </datafield>
</record>