

<record>
  <leader>00690nam a22001697a 4500</leader>
  <datafield tag="999" ind1=" " ind2=" ">
    <subfield code="c">202</subfield>
    <subfield code="d">202</subfield>
  </datafield>
  <controlfield tag="003">OSt</controlfield>
  <controlfield tag="005">20170106165325.0</controlfield>
  <controlfield tag="008">170106b        xxu||||| |||| 00| 0 eng d</controlfield>
  <datafield tag="041" ind1=" " ind2=" ">
    <subfield code="a">spa</subfield>
  </datafield>
  <datafield tag="100" ind1="1" ind2=" ">
    <subfield code="a">Dzau, Dzan</subfield>
    <subfield code="e">tr.</subfield>
  </datafield>
  <datafield tag="245" ind1="1" ind2="0">
    <subfield code="a">Palabra de Buda :</subfield>
    <subfield code="b">tres sutras del budismo mahayana utilizados en las prácticas de los templos budistas chinos /</subfield>
    <subfield code="c">traducidos del chino al español por Bhikshuni Dzau Dzan, Fernando Tola y Carmen Dragonetti</subfield>
  </datafield>
  <datafield tag="260" ind1=" " ind2=" ">
    <subfield code="a">Buenos Aires :</subfield>
    <subfield code="b">Asociación Budista China en Argentina :</subfield>
    <subfield code="b">Templo Tzong Kuan :</subfield>
    <subfield code="b">Fundación Instituto de Estudios Budistas,</subfield>
    <subfield code="c">1996</subfield>
  </datafield>
  <datafield tag="300" ind1=" " ind2=" ">
    <subfield code="a">76 p.</subfield>
  </datafield>
  <datafield tag="700" ind1="1" ind2=" ">
    <subfield code="a">Tola, Fernando</subfield>
    <subfield code="e">tr.</subfield>
  </datafield>
  <datafield tag="700" ind1="1" ind2=" ">
    <subfield code="a">Dragonetti, Carmen</subfield>
    <subfield code="e">tr.</subfield>
  </datafield>
  <datafield tag="942" ind1=" " ind2=" ">
    <subfield code="2">ddc</subfield>
    <subfield code="c">BK</subfield>
  </datafield>
  <datafield tag="952" ind1=" " ind2=" ">
    <subfield code="0">0</subfield>
    <subfield code="1">0</subfield>
    <subfield code="2">ddc</subfield>
    <subfield code="4">0</subfield>
    <subfield code="6">S_XIV_06_340000000000000</subfield>
    <subfield code="7">0</subfield>
    <subfield code="9">263</subfield>
    <subfield code="a">bb_ar</subfield>
    <subfield code="b">bb_ar</subfield>
    <subfield code="c">S</subfield>
    <subfield code="d">2017-01-06</subfield>
    <subfield code="o">S XIV 06 34</subfield>
    <subfield code="r">2017-01-06</subfield>
    <subfield code="t">ej.1</subfield>
    <subfield code="w">2017-01-06</subfield>
    <subfield code="y">BK</subfield>
  </datafield>
</record>

</collection>
